1764 2880
265 96 721 176 Malacopterzsgz'i.
913 66 916 68 >
1313 90 1523 152 Cobic'is.
1637 103 1671 167 5

149 243 187 279 3.
220 227 449 271 Mandihula
479 227 542 268 vel
573 227 686 267 rostri
722 240 808 281 pars
838 227 1021 282 Superior
1050 233 1139 264 aute
1169 223 1400 264 inferiorem
1435 227 1672 279 prominens,

259 298 343 322 eam
367 285 557 336 recipiens
577 286 613 321 ἀ
644 282 823 322 claudens
842 284 996 338 pyxidis
1017 281 1146 322 modo.

260 338 390 378 RiHns
427 337 711 388 angustiffimus,

149 404 184 438 4.
217 394 320 434 cirri
347 395 478 443 exigui
506 395 543 431 ἀ
567 391 751 441 graciles,
807 391 867 431 sed
902 389 1128 443 longiusculi
1159 392 1196 428 ἀ
1225 388 1306 429 albi
1334 391 1479 428 circum
1508 390 1583 436 Os,
1621 386 1669 440 sc.

264 449 342 487 duo
371 450 540 486 minores
571 445 733 499 superne
762 448 802 485 iu
840 450 989 495 rostr0,
1034 447 1113 484 duo
1140 446 1186 483 ad
1217 444 1336 483 latera
1367 447 1482 491 Oris,
1529 447 1564 482 ἀ
1593 443 1670 482 duo

259 505 425 549 majores
447 499 597 539 inferne
619 503 659 538 in
681 511 790 554 parte
812 503 1001 541 inferiore
1022 503 1136 548 Oris,
1167 514 1328 539 numero
1348 498 1531 552 suntsex.

154 569 189 605 ς,
229 559 350 596 Nares
370 557 499 593 medio
521 557 622 593 iuter
641 556 773 594 oculos
801 560 837 596 ὃς
868 559 1041 595 rostrum.

152 617 188 651 6.
225 609 328 651 Oculi
356 612 485 659 exigui
515 613 552 647 in
585 609 724 648 summa
754 622 862 664 parte
892 614 908 649 ὲ
941 611 1124 649 lateribus
1165 610 1314 662 capitis,
1352 625 1357 628 ·
1405 609 1477 646 Iris
1517 604 1668 644 inferne

266 666 376 712 alba,
405 663 564 713 superne
585 664 760 706 obscura.

148 732 189 771 7.
218 720 372 761 Aculeus
399 719 571 758 bifurcus
596 722 778 773 utrinque
807 734 906 774 ponc
934 733 1043 758 nares
1070 719 1173 757 infra
1203 719 1441 757 anteriorem
1464 715 1669 760 oculorum

259 784 430 829 partem,
464 788 560 828 apex
591 774 653 812 seu
683 789 800 813 uncus
828 775 948 813 aculei
983 776 1180 822 exterior,
1210 775 1340 812 minor
1364 775 1400 811 ὅτ
1427 771 1589 811 brevior
1617 770 1668 808 est

261 831 450 868 interiore
465 859 476 876 ‚
508 830 665 882 utrique
695 828 775 868 albi
796 832 831 869 ἀ
851 829 1062 871 acutiflimi,

93 904 98 907 s
153 893 189 931 8.
220 883 416 923 Branchiae
454 885 637 935 utrinque
675 894 854 936 quatuor.
954 882 1135 937 Opercula
1169 882 1447 921 Branchiarum
1485 880 1669 929 oblonga,

260 938 281 977 Ξι
310 937 495 977 lateribus
525 947 674 977 tantum
703 941 808 986 juxta
842 940 976 978 Pinnas
1007 936 1242 985 Pec'torales‚
1301 935 1364 975 sed
1396 950 1475 977 uon
1504 935 1667 975 inferius

261 1001 406 1047 aperta.

147 1063 190 1099 9.
223 1051 359 1089 Dentes
390 1045 489 1086 nulli
520 1046 792 1101 perceptibiles
819 1055 885 1086 aut
916 1044 1084 1087 visibiles
1109 1048 1150 1086 in
1180 1059 1263 1090 ore.

154 1117 215 1144 ιο.
249 1105 368 1144 Linea
399 1103 568 1141 lateralis
599 1105 665 1141 vix
694 1103 867 1143 visibilis,

159 1171 221 1200 11.
255 1159 423 1212 Squamae
443 1158 541 1196 adeo
564 1156 705 1204 exiles,
742 1185 754 1204 ,
786 1166 826 1195 ut
855 1157 921 1196 vix
951 1155 1019 1193 nifi
1048 1155 1088 1192 in
1115 1153 1222 1206 pisce,
1236 1155 1372 1195 ficcato
1398 1153 1566 1209 conspici
1586 1150 1669 1207 pos·

263 1214 345 1252 sint.
1136 1247 1147 1258 ,

155 1279 218 1309 12..
247 1265 412 1306 Dorsum
432 1269 470 1306 ὅτ
495 1267 700 1320 praecipue
727 1264 851 1305 latera
876 1265 1008 1303 Lineis
1039 1254 1188 1316 aliq³uot
1209 1262 1272 1303 vel
1303 1262 1427 1302 lituris
1449 1260 1671 1300 albescenti-

266 1323 338 1361 bus
353 1352 366 1370 ,
395 1321 743 1372 longitudinalibus
768 1325 804 1360 ἀ
827 1330 1028 1372 praeterea
1047 1320 1240 1372 pun&ulis
1270 1320 1438 1357 minimis
1459 1321 1495 1356 <Sc
1517 1317 1670 1356 creber-

259 1378 393 1426 rimis,
424 1376 598 1416 obscuris
624 1376 686 1416 vel
709 1374 1008 1426 nigrescentibus
1035 1383 1190 1424 notata3
1220 1373 1374 1413 dorsum
1395 1374 1513 1423 magis
1535 1370 1669 1411 obscu-

264 1445 350 1470 rum
378 1433 442 1470 est.
508 1433 646 1473 Venter
669 1431 789 1473 albus.

155 1496 219 1539 13.
248 1488 375 1525 Pinnae
405 1485 609 1525 fenorales
644 1491 694 1537 3{
725 1485 844 1524 lineas
873 1483 1020 1534 longae,
1057 1483 1306 1523 officulorum
1344 1482 1458 1530 0610,
1499 1494 1670 1533 quorum

269 1554 397 1579 nuum
425 1542 464 1578 in
488 1543 597 1592 apice
626 1540 859 1586 indivisum,
901 1542 1017 1579 zdum
1041 1541 1278 1583 maximum,
1316 1550 1390 1576 uua
1413 1550 1498 1574 cum
1528 1538 1670 1575 caeteris

263 1596 445 1633 omnibus
465 1595 504 1632 in
527 1594 634 1645 apice
655 1592 849 1631 ramosum
869 1591 931 1630 seu
954 1592 1129 1631 bifidum.
1164 1593 1290 1629 Pinum
1311 1590 1558 1628 albescentes.

157 1662 220 1698 14.
251 1650 371 1688 Pinna
396 1651 439 1687 in
468 1646 582 1701 dorsi>
612 1648 752 1694 unica,
792 1645 952 1687 maculis
981 1645 1152 1686 obscuris
1182 1645 1244 1683 vel
1272 1643 1575 1695 nigrescentibus
1604 1658 1674 1683 no-

262 1712 367 1750 tata,
421 1703 666 1741 ofliculorum
701 1715 868 1748 novem,
922 1716 1088 1755 quorum
1133 1702 1301 1755 primum
1344 1700 1550 1738 maximum
1589 1697 1671 1737 fere

263 1761 301 1798 dc
334 1757 566 1806 indivisum,
614 1756 763 1810 reliqua
790 1758 831 1794 in
860 1759 966 1811 apice
996 1757 1136 1804 bifida,
1184 1755 1365 1794 ultimum
1397 1754 1604 1793 minimum
1634 1756 1673 1793 ἀ

267 1812 435 1865 sunplex.
590 1826 598 1829 ·

160 1878 219 1916 15.
249 1869 376 1906 Pinnae
411 1865 603 1908 Ventrules
629 1864 880 1914 albescentes,
926 1864 1174 1904 officulorum
1207 1863 1372 1917 septem,
1419 1865 1589 1917 primum
1617 1864 1675 1903 in-

270 1921 458 1968 divisum,
489 1931 619 1959 caetera
639 1921 679 1957 in
701 1922 806 1972 apice
836 1919 1009 1968 ramosa,
1047 1918 1252 1958 secundum
1281 1919 1504 1958 maximum.

161 1988 225 2017 ιο.
256 1978 374 2014 Pinna
410 1976 488 2016 Ani
522 1974 712 2014 albescens
733 2005 745 2022 ,
803 1978 852 2023 3}
883 1975 982 2014 linea
1016 1976 1063 2012 ab
1095 1979 1180 2013 Ano
1208 1975 1368 2021 distans,
1422 1972 1672 2015 officulorum

264 2032 380 2078 0610,
431 2044 598 2083 quorum
633 2032 755 2082 prima
785 2030 864 2069 duo
891 2030 1056 2070 indivisa
1090 2041 1131 2068 ut
1165 2032 1202 2068 <Sc
1233 2027 1435 2076 ultimum,
1492 2030 1577 2070 Duo
1608 2044 1673 2070 ex·

268 2094 390 2123 trema
417 2086 551 2123 brevia
582 2088 617 2123 dc
646 2087 796 2134 exigua,

162 2151 223 2190 17.
262 2138 393 2179 cauda
423 2138 580 2178 maculis
607 2138 719 2178 fuscis
746 2142 792 2178 ἀν
811 2141 931 2189 nigris
962 2147 1115 2186 notata,
1164 2151 1188 2183 4
1219 2138 1338 2177 lineas
1368 2137 1506 2188 longa,
1543 2141 1583 2179 in
1609 2154 1674 2181 ex-

270 2204 396 2233 tremo
423 2193 681 2242 subrotunda,
729 2194 976 2233 officulorum
1016 2195 1254 2240 offiodecim,
1311 2207 1477 2247 quorum
1505 2194 1582 2233 duo
1612 2210 1674 2234 ex-

268 2258 391 2287 trema
411 2251 592 2303 utrinque
613 2249 773 2288 indivisa
795 2252 835 2288 in
856 2252 988 2303 apice,
1016 2258 1152 2288 caetera
1174 2247 1344 2292 ramosa3
1374 2259 1591 2289 extremum
1618 2249 1676 2290 os-

268 2302 422 2342 siculum
460 2307 639 2357 utriuque
667 2306 862 2354 exiguum.

164 2366 227 2408 13,
261 2359 520 2400 Prominentia
552 2358 725 2412 quaedam
761 2362 895 2410 exigua
933 2356 1037 2398 infra
1070 2360 1218 2407 Anum,
1264 2359 1444 2412 proxime
1471 2368 1560 2399 ante
1588 2361 1672 2400 Pin-

272 2427 361 2452 nam
381 2416 467 2454 Ani.
701 2434 704 2435 ⁷

165 2481 226 2516 19.
260 2469 332 2508 Cor
359 2469 563 2517 exiguum,
591 2469 855 2519 magnitudine
885 2467 1039 2508 seminis
1062 2467 1292 2506 Cannabini.

160 2536 226 2566 20.
254 2526 381 2576 Hepnr
417 2523 599 2572 longum,
645 2524 870 2572 rubescens,
928 2524 1114 2562 Intestino
1159 2522 1220 2560 vel
1248 2520 1476 2561 Ventriculo
1507 2520 1677 2575 superin-

269 2578 457 2618 cumbens·
479 2581 515 2616 ἃ
541 2579 765 2618 membrana
798 2580 1057 2627 conjunemm.
1144 2578 1263 2632 Vestra
1292 2576 1392 2618 fellis
1418 2579 1579 2628 exigua,
1627 2575 1675 2616 ad

272 2646 422 2686 partem
451 2634 612 2686 Hepatis
642 2632 892 2688 superiorem.

159 2702 227 2732 αι.
256 2686 480 2744 Intqslilmm
508 2688 688 2742 fimplex,
719 2691 822 2731 recia
850 2690 899 2730 ad
929 2691 1052 2727 Anum
1080 2685 1305 2731 extensum„

189 2768 196 2769 ff
840 2762 845 2766 s
923 2747 956 2783 A
986 2755 1007 2790 5
1577 2740 1679 2779 Lon-
