1764 2880
48 231 98 261 12

48 341 93 374 ¹3

49 722 98 758 14

50 1157 110 1192 ις.

51 1258 98 1293 16

50 1754 96 1795 ¹7

51 2195 97 2231 ¹9

160 86 641 163 Clzowdropterygii.
958 83 1326 160 Petromyzon.
1441 106 1462 142 1
1476 105 1511 143 O
1523 106 1545 143 1

103 253 111 262 .
140 220 257 259 Linea
275 217 446 258 lateralis
464 216 592 263 nulla,
637 213 906 268 sedpunehnla
938 213 1088 269 aliquot
1117 214 1231 265 longe
1260 214 1280 253 ὲ
1308 214 1342 252 se
1373 214 1548 256 distantia

154 275 199 312 ad
221 276 448 312 interiorem
470 273 644 325 corporis
665 280 824 324 partem,
855 272 894 308 in
916 284 1046 309 recens
1072 272 1189 323 captis
1211 270 1478 309 observantur.
1529 279 1533 282 '

142 330 368 367 Intestinum
399 330 553 366 unicum
585 326 764 379 fimplex,
793 326 893 374 gyris
923 340 1076 371 carens,
1105 323 1268 374 gracile,
1301 326 1468 373 ejusdem
1500 322 1551 362 la-

152 383 328 421 titudinis
357 384 500 434 ubique
528 380 634 429 fere,
680 378 879 419 reffissima
909 381 1007 419 linea
1037 381 1057 419 a
1089 380 1317 418 Ventriculo
1347 380 1393 418 ad
1425 383 1549 417 Anum

155 437 347 476 extensum
369 465 380 483 ,
425 436 558 475 colore
589 434 934 474 rubro-albescens
955 464 966 482 ‚
1012 435 1116 488 quod
1148 433 1313 473 foeminis
1351 437 1389 472 in
1420 435 1549 472 medio

154 494 293 530 Ovarii
333 490 576 529 occultatur:
627 491 813 529 Ovarium
853 491 953 527 euim
992 493 1113 542 Spirae
1148 490 1250 527 *dorsi
1291 492 1448 541 propius
1487 489 1551 527 est.

153 548 270 593 Juxta
302 549 423 584 Anum
455 547 672 583 Intestimun
707 546 778 582 hoc
796 544 908 583 latius
940 546 1003 592 fit,
1032 549 1066 582 (3(
1097 542 1319 582 membrana
1348 542 1460 581 dorso
1488 542 1551 580 ad·

154 603 346 650 jungitur,
397 602 434 637 in
465 603 658 638 anteriore
690 606 826 650 parte',
874 601 1016 652 Hepati
1042 612 1196 651 quoque
1229 598 1356 636 subtus
1387 600 1421 636 ἀ
1452 598 1552 635 Peri-

162 657 293 693 cardio
320 653 446 694 valide
475 654 632 693 affixum
661 655 722 694 est.
745 651 747 654 ζ

147 711 333 748 Ovarium
363 711 515 747 unicum
548 709 703 761 quidem
735 709 770 745 ὅτ
800 707 1017 754 cohaerens‚
1047 706 1107 744 sed
1139 709 1178 744 in
1209 705 1395 759 plurimos
1426 707 1460 743 ἀ
1486 717 1553 742 nu-

154 764 325 802 merosos
359 762 469 802 lobos
499 764 684 811 divisum,
733 764 800 813 qui
830 775 983 809 omnes,
1023 762 1240 800 membrana
1274 761 1435 812 quadam
1462 759 1550 797 satis

153 820 332 865 robusta,
371 820 491 871 Spinae
520 819 619 858 dorsi
650 816 878 867 affiguntur,
916 819 1001 856 ovis
1031 817 1243 855 innumeris
1275 814 1553 853 albescentibus

153 873 361 920 refertum,
401 874 448 911 ab
480 876 628 925 Hepate
657 873 704 911 ad
737 875 860 909 Anum
891 870 1008 923 usque
1039 870 1243 911 extensum.
1310 868 1474 922 Veficulae
1492 867 1553 920 fi·
1587 870 1589 873 ’

156 927 312 967 minales
342 929 382 965 in
412 930 582 966 Maribus
613 929 758 972 rubrae,
796 926 917 976 lougae
948 939 1016 978 per
1044 927 1234 963 abdomen
1265 923 1453 971 extensae,
1490 935 1554 974 pa·

154 985 249 1020 riter
279 984 319 1019 in
348 981 461 1019 lobos
501 985 722 1020 innumeros
755 979 894 1020 divisae.
976 982 1101 1017 Mares
1131 981 1170 1016 in
1202 980 1272 1016 hac
1307 978 1454 1030 specie,
1498 990 1555 1013 re-

149 1036 276 1089 speehi
311 1035 578 1083 foeminarum,
613 1035 820 1073 admodum
850 1035 961 1086 pauci
990 1032 1097 1079 sunt,
1128 1033 1232 1085 quod
1261 1046 1304 1070 ex
1333 1032 1554 1070 diffeffione

152 1105 283 1128 earum
303 1089 386 1127 satis
408 1100 586 1141 expertus
608 1090 699 1129 sum,
738 1091 883 1124 Martio
904 1091 940 1124 ἀ
961 1087 1084 1139 Aprili
1109 1091 1258 1128 coeunt,

141 1148 316 1196 Corpora
349 1143 426 1180 duo
455 1142 654 1192 oblonga,
689 1141 957 1187 rubescentia²
997 1142 1045 1179 ab
1078 1143 1162 1178 Ano
1194 1141 1241 1180 ad
1272 1140 1443 1179 medium
1472 1151 1555 1178 cor-

154 1201 259 1252 poris
281 1196 456 1244 extensa,
486 1197 589 1236 forte
611 1200 748 1235 Renes.

141 1256 268 1305 Hesmr
296 1266 495 1301 magnum,
539 1251 693 1305 simplex
725 1250 787 1288 seu
818 1249 1048 1298 indivisum,
1096 1251 1143 1289 ab
1174 1264 1249 1289 una
1280 1258 1388 1303 parte
1418 1260 1556 1288 conve-

154 1322 268 1354 xum,
300 1307 348 1344 ab
370 1305 488 1344 altera
510 1319 627 1353 vero,
658 1306 718 1344 seu
745 1307 843 1344 dorsi
865 1307 988 1344 vicina
1009 1315 1140 1358 parte,
1171 1320 1305 1358 parum
1327 1317 1559 1349 concavum,

154 1364 194 1400 in
215 1361 410 1413 superiore
429 1361 483 1398 sui
506 1371 628 1414 parte,
647 1361 831 1399 lateribus
854 1359 961 1413 piscis
977 1363 1012 1399 ἀ
1034 1361 1250 1412 pericardio
1272 1360 1414 1407 valide,
1443 1371 1559 1397 mem·

155 1417 362 1455 branarum
384 1429 470 1468 ope,
499 1415 667 1463 affixum,
698 1415 828 1453 colore
848 1416 1158 1456 rubro-flavum,

162 1472 282 1524 Vefica
313 1470 415 1519 fellis
445 1470 548 1508 nulla
578 1471 711 1523 hepati
741 1470 887 1508 adnexa
920 1471 992 1517 est,
1024 1483 1092 1508 nee
1122 1468 1228 1507 illam
1258 1468 1348 1507 alias
1378 1468 1557 1507 invenire

152 1528 295 1579 potui,
342 1533 383 1563 ut
412 1538 536 1576 neque
572 1523 671 1563 ullus
703 1527 848 1564 Αυᾶὶοι·
879 1524 1040 1575 gloriari
1069 1526 1191 1577 potest
1222 1523 1256 1561 se
1287 1525 1456 1561 Veficam
1489 1521 1558 1559 sel-

154 1581 202 1618 lis
230 1583 271 1618 in
299 1581 373 1617 hoc
401 1578 504 1631 pisce
531 1593 699 1631 unquam
729 1578 884 1623 vidiss'e3
924 1592 1056 1616 omnes
1086 1581 1189 1615 enim
1217 1578 1462 1625 lchthyologi
1484 1578 1559 1613 Ve-

155 1636 267 1674 ficam
298 1632 401 1672 fellis
433 1635 472 1671 in
502 1635 705 1685 Lampreta
734 1644 895 1683 negant,
942 1634 1008 1670 nifi
1040 1633 1142 1671 forte
1173 1633 1243 1671 sint
1272 1631 1449 1671 Veficulae
1483 1629 1559 1668 illae

155 1703 238 1742 quae
257 1688 304 1727 ad
324 1687 442 1726 latera
463 1686 701 1734 ventriculi,
733 1686 777 1725 de
797 1689 936 1741 quibus
956 1687 1071 1728 infra.

144 1744 215 1783 Cor
241 1744 419 1782 conicum
450 1756 534 1779 cum
563 1740 733 1779 auricula
764 1756 920 1791 magna,
959 1743 997 1780 in
1030 1741 1253 1781 Pericardio
1279 1741 1402 1788 dum,
1448 1738 1563 1778 carti-

156 1798 333 1848 lagineo‚
362 1795 452 1834 albo
486 1799 521 1834 ἀ
543 1796 700 1833 robusto
720 1797 977 1835 reconditum.
1408 1840 1409 1843 Ἰ

149 1853 270 1906 Vestca
301 1855 410 1889 aerea
439 1848 542 1888 nulla
573 1850 746 1889 distineia
766 1881 779 1899 ‚
829 1851 889 1889 sed
922 1851 1145 1889 membrana
1180 1847 1310 1889 valida
1350 1844 1562 1903 periton-‘to

157 1908 395 1952 communis,
424 1906 472 1943 ab
502 1906 652 1957 Hepate
682 1904 729 1943 ad
761 1907 882 1944 Anum
917 1907 990 1945 toti
1023 1906 1137 1959 spinae
1159 1903 1300 1943 dorsali
1330 1905 1561 1950 adnectitur,

154 1976 238 2016 quae
267 1963 307 1999 in
330 1960 461 1998 medio
491 1958 694 1997 secundum
714 1959 995 2009 longitudinem
1019 1960 1131 2013 spinae
1163 1960 1283 2006 dorsi,
1314 1960 1417 1998 affite
1439 1958 1562 1997 adhae-
1602 1956 1608 1957 ’

158 2026 239 2062 ret,
279 2014 342 2053 sed
372 2015 555 2066 utrinque
586 2013 607 2051 ξι
637 2012 822 2052 lateribus
853 2014 987 2067 spiuae,
1023 2016 1183 2068 spatium
1216 2013 1278 2051 seu
1310 2015 1464 2052 dufrum
1497 2026 1563 2050 va-

159 2084 270 2109 cuum
297 2070 435 2117 habet,
464 2070 533 2120 qui
563 2078 691 2106 tamen
722 2069 881 2115 dudhrs,
911 2070 1066 2122 quando
1090 2069 1197 2121 piscis
1228 2070 1393 2107 nimium
1422 2067 1562 2121 premi·

158 2136 234 2172 tur,
265 2123 446 2173 sanguine
469 2123 655 2176 repletur,
686 2126 721 2162 ἀ
744 2122 905 2175 speciem
924 2138 1028 2162 vena:
1048 2125 1216 2162 exhibet.

151 2179 387 2224 Ventriculus
416 2192 595 2228 magnus,
637 2179 835 2225 robustus,
887 2179 1028 2227 ruber,
1076 2177 1284 2217 admodum
1314 2173 1563 2222 musculosus,

157 2239 192 2275 ἀ
232 2232 366 2273 crassus
404 2232 619 2283 oblongusg
649 2233 752 2271 inter
776 2246 939 2286 corpora
970 2233 1289 2287 pulmoniformia
1321 2233 1430 2277 situs,
1481 2228 1564 2267 nul-

158 2291 204 2330 lis
240 2288 515 2342 appendicibus
553 2287 744 2341 praeditus,
819 2290 1017 2337 Originem
1055 2287 1167 2326 sumit
1203 2287 1249 2324 ad
1291 2287 1464 2323 infimum
1501 2297 1565 2336 pa·

157 2345 228 2385 lati
258 2358 313 2382 os,
381 2345 426 2380 In
447 2344 572 2380 antica
604 2352 711 2394 parte
742 2341 762 2380 a
797 2341 981 2381 lateribus
1010 2357 1123 2381 unam
1157 2343 1341 2393 utrinque
1369 2338 1566 2392 veficulam

160 2399 312 2440 caeruleo
330 2397 616 2446 nigrescentem,
646 2398 685 2434 in
709 2398 794 2449 ipsis
817 2397 991 2436 musculis
1011 2400 1140 2443 sitam,
1173 2396 1346 2441 obtinet,
1377 2409 1467 2447 quas
1494 2396 1565 2430 Ve-

158 2456 313 2501 ficulas‚
345 2453 473 2504 primo
506 2466 578 2504 pro
610 2452 762 2496 Cystide
784 2451 896 2490 fellea
920 2453 1131 2498 habebam,
1170 2450 1233 2489 sed
1253 2448 1409 2487 cultello
1439 2446 1565 2491 incisae

157 2509 350 2562 liquorem
370 2506 525 2559 quidem
550 2520 710 2558 paucum
731 2509 992 2555 continebant,
1024 2508 1088 2555 ast,
1119 2514 1302 2558 quantum
1326 2506 1431 2553 gustu
1452 2515 1566 2554 expe·

158 2564 312 2610 tiebat,
341 2574 420 2599 non
452 2562 635 2600 acerbum
666 2559 726 2598 vel
758 2560 973 2602 alcalinum.
1050 2563 1216 2600 Interim
1250 2569 1380 2598 tamen
1412 2555 1564 2610 poffunt

158 2617 230 2658 effe
259 2614 438 2655 Veficulae
467 2614 591 2666 fellis;
645 2629 734 2654 nam
762 2617 952 2670 Lapreta,
975 2618 1018 2656 in
1047 2631 1123 2671 qua
1152 2617 1230 2658 haec
1262 2614 1455 2669 probavi,
1492 2612 1569 2657 iam

156 2687 227 2731 per
251 2671 353 2712 diem
374 2679 526 2712 mortua
553 2670 640 2713 fuit.

599 2734 604 2735 ⁷
726 2726 764 2766 N
789 2735 822 2778 ,3
1346 2735 1412 2762 20.
1443 2720 1565 2758 Bran-
