1764 2880
148 85 211 146 32
326 58 784 140 Μαιῖᾶεορῖενῇκξὶἱ.Ι
1347 57 1552 134 Clupea.

260 199 326 240 fita
358 196 487 236 medio
516 196 554 233 in
586 195 713 232 antica
742 197 851 244 parte
880 186 1017 243 palati:
1057 186 1118 228 vel
1148 187 1227 228 duo
1258 188 1414 229 ordines
1442 189 1667 230 Denticuloi

262 268 348 293 rum
369 255 406 291 in
430 251 528 290 linea
551 251 650 288 rech
671 247 877 286 secundum
899 243 1194 293 longitudinem,
1221 246 1259 282 in
1279 256 1389 297 parte
1408 244 1525 297 palati
1540 247 1662 285 rostro

261 310 464 363 proxima,
505 307 574 342 siti.
635 306 694 348 (d)
724 304 868 350 Lingua
898 299 1105 345 subacuta,
1153 299 1305 338 inferne
1336 299 1482 347 soluta,
1522 300 1664 340 coloris

260 361 504 412 nigrescentis
528 357 730 397 denticulis
761 357 905 405 exiguis
921 387 931 403 ‚
963 353 1172 393 introrsum
1195 356 1309 394 versis
1329 366 1510 394 armatur,

150 432 190 468 9.
217 416 373 460 Macula
403 426 444 454 ut
476 415 685 468 plurimum
717 413 899 466 pulchra,
930 411 1046 449 rubra
1067 408 1130 449 vel
1149 408 1322 449 violacea
1352 411 1534 463 utrinque
1555 411 1596 448 in
1626 409 1668 447 fi-

264 487 310 512 ne
332 470 614 525 Operculorum
637 468 922 507 branchiarum.

160 542 224 574 ιο.
257 526 437 581 Opercula
468 524 767 570 branchiurmn,
803 521 952 561 macula
984 520 1085 559 dicia
1113 520 1179 572 (9)
1208 530 1390 575 excepta,
1420 520 1592 572 argentei
1610 532 1672 558 co·

264 583 360 623 loris
392 582 474 620 sunt
496 611 508 629 ,
560 594 605 619 ex
637 581 759 617 tribus
786 577 849 618 vel
879 586 1047 631 quatuor
1076 577 1246 615 Laminis
1277 576 1386 615 oss'eis
1419 580 1455 616 dc
1484 576 1583 615 0610
1613 572 1671 612 os-

266 637 389 677 ficulis
426 651 561 690 parum
591 636 760 675 curvatis
790 637 826 673 ὅ(
865 630 1087 672 membrana
1115 633 1252 679 junffis
1281 633 1466 685 utrinque
1504 630 1672 670 inferius

267 694 448 731 constant.

160 763 177 792 1
192 763 222 792 ι.
245 749 360 788 Linea
380 738 552 784 latei‘ulis
572 745 673 783 re6ia
688 774 698 791 ‚
730 741 844 781 dorso
865 741 1052 794 propior,
1081 739 1140 777 sed
1163 754 1295 793 parum
1319 740 1540 794 conspicua.

159 814 223 846 12.
256 802 426 856 Squamae
457 814 598 850 magnae
627 799 797 851 respetffii
826 798 1024 849 corporis,
1063 794 1207 834 coloris
1237 797 1434 845 argentei,
1462 794 1579 835 facile
1609 793 1674 834 de«

271 858 414 903 ciduae‚
444 856 683 894 imbricatim
705 855 787 891 sitae.

163 926 224 961 13,
257 911 423 965 Dozsum
460 910 618 950 obscure
657 908 859 948 caeruleum
880 936 891 955 ,
938 919 1060 945 verno
1097 914 1274 959 tempore
1305 915 1435 946 autem
1465 908 1584 958 magis
1613 919 1678 947 cae-

271 966 434 1006 rulescit.
496 968 631 1003 Latera
662 968 697 1003 ἅ
731 973 866 1001 venter
896 963 1067 1011 argentei
1094 960 1237 999 eoloris

164 1035 229 1078 14.
269 1024 406 1065 Venter
434 1030 537 1059 totus
568 1019 589 1058 :i
618 1020 810 1058 branchiis
831 1017 878 1056 ad
901 1019 1026 1053 Anum
1056 1015 1174 1068 usque
1203 1015 1383 1068 subasper
1403 1018 1476 1063 est,
1505 1018 1542 1055 ἀ
1560 1018 1599 1055 in
1624 1030 1682 1056 ca-

273 1080 399 1116 rinam
429 1084 580 1114 acutam
618 1075 866 1114 commem„
911 1070 1067 1109 dorsum
1106 1084 1201 1110 vero
1234 1085 1450 1111 convexum
1470 1102 1483 1120 ,
1530 1070 1577 1113 sc.
1607 1086 1679 1111 nec

274 1141 428 1172 acutum
458 1143 525 1168 nec
557 1128 726 1180 planum.

169 1201 231 1243 ¹5·
262 1185 460 1226 Brmzchiae
488 1193 657 1235 quatuor
686 1181 894 1231 utrinque,
940 1191 1105 1229 quarum
1134 1187 1211 1222 tres
1239 1180 1449 1218 exteriores
1475 1180 1537 1220 vel
1565 1183 1682 1230 majo.

278 1255 336 1280 res
377 1239 537 1290 simplici
565 1237 824 1290 Apophysium
865 1233 1196 1271 Peffiniformium
1230 1234 1368 1272 ordine
1389 1263 1401 1281 ,
1445 1249 1526 1288 quae
1556 1238 1597 1274 in
1627 1236 1683 1274 su-

251 1309 410 1350 *prema
440 1294 500 1331 seu
533 1293 698 1330 maxima
735 1289 914 1327 branchia
953 1288 1163 1326 admodum
1191 1287 1313 1338 longae
1345 1288 1451 1337 sunt,
1484 1290 1586 1328 haud
1615 1290 1683 1329 ali-

278 1361 341 1389 ter
366 1364 408 1388 ac
438 1346 597 1401 plumeae
628 1354 752 1398 partes
783 1346 821 1381 in
851 1344 986 1395 pennis
1015 1344 1168 1381 Avium.
1240 1345 1427 1382 Branchia
1458 1346 1589 1383 infima
1619 1345 1684 1384 seu

276 1406 438 1444 minima
468 1402 663 1454 duplicem
685 1399 938 1452 apophylium
967 1395 1185 1450 asperarum
1216 1397 1395 1436 ordinem
1426 1399 1564 1448 habet,
1593 1414 1684 1453 qua-

279 1474 364 1499 rum
385 1459 587 1496 interiores
602 1487 613 1504 ‚
645 1455 849 1493 breviores
870 1451 967 1491 sunt.

174 1517 237 1561 16,
270 1517 394 1556 Pinna
423 1514 464 1550 in
496 1513 626 1549 medio
656 1507 768 1562 dorso
800 1508 912 1546 unica
944 1509 980 1544 ἀ
1009 1505 1220 1552 albescens,
1260 1506 1461 1545 radiorum
1493 1509 1686 1550 novende-

268 1573 376 1615 .cim,
424 1580 591 1618 quorum
620 1576 789 1614 quatuor
819 1563 936 1613 primi
967 1561 1153 1611 simplices
1180 1559 1287 1608 sunt,
1335 1562 1479 1614 reliqui
1508 1565 1548 1602 in
1578 1566 1686 1618 apice

281 1635 415 1676 parum
438 1619 594 1658 ramosi:
626 1618 703 1655 duo
725 1615 840 1667 primi
870 1615 1001 1663 exigui
1031 1614 1126 1650 sunt.

177 1692 240 1734 ¹7·
274 1680 400 1719 Pinnae
437 1671 639 1714 Pet‘lorules
665 1668 919 1713 albescentes,
951 1668 999 1706 ad
1031 1676 1203 1706 ventrem
1223 1668 1319 1715 fflae,
1350 1670 1549 1710 radiorum
1583 1675 1690 1713 οὸἲο·

286 1733 437 1778 decim,
480 1740 645 1780 quorum
677 1727 821 1778 primus
853 1722 1033 1774 simplex,
1081 1722 1223 1774 reliqui
1253 1737 1386 1762 omues
1417 1726 1458 1763 in
1489 1729 1597 1780 apice
1625 1743 1689 1782 pa.

286 1800 373 1828 rum
403 1784 535 1830 divisi3
575 1781 703 1819 ultimi
733 1778 886 1817 minimi
915 1776 1019 1815 sunt:
1061 1778 1207 1829 primus
1239 1791 1326 1816 cum
1354 1782 1541 1832 proximis
1569 1786 1692 1824 maxi-

288 1854 384 1881 mus.

181 1906 244 1944 ιε.
277 1898 405 1938 Pinnae
442 1889 636 1934 Ventrales
663 1888 757 1928 albae
785 1890 822 1927 ἀ
853 1887 997 1937 exiguae
1017 1914 1030 1932 ,
1075 1885 1275 1937 radiorum
1306 1901 1447 1928 novem
1468 1920 1480 1938 ‚
1525 1905 1694 1944 quorum

291 1952 438 2005 primus
469 1945 649 1998 fimplex3
679 1945 802 1983 caeteri
831 1945 873 1981 in
903 1943 1011 1994 apice
1033 1941 1262 1992 quadrifidi3
1293 1945 1438 1994 primus
1458 1959 1540 1985 cum
1561 1950 1694 2000 proxi.

290 2007 361 2044 mis
384 2015 541 2052 magnus
563 2003 635 2045 est,
666 1999 823 2036 ultimus
843 2009 939 2035 vero
960 1997 1153 2033 minimus.

186 2075 247 2111 19,
271 2062 392 2101 Pinna
412 2057 487 2096 Ani
517 2054 625 2101 alba,
653 2051 780 2091 caudae
800 2050 886 2089 satis
906 2051 1149 2103 propinqua,
1178 2049 1377 2090 radiorum
1404 2060 1448 2100 ¹8
1480 2053 1541 2094 vel
1568 2068 1638 2104 ¹9,
1668 2058 1694 2097 fi

297 2115 475 2153 ultimum
515 2123 587 2163 pro
627 2107 777 2146 duobus
816 2107 885 2144 sibi
924 2106 1037 2143 nimis
1075 2105 1265 2154 contiguis
1302 2105 1448 2158 placeat
1479 2124 1682 2150 numerare

298 2180 465 2222 quorum
495 2166 572 2203 duo
604 2163 665 2203 vel
696 2173 770 2201 tres
800 2162 916 2216 primi
948 2158 1130 2212 simplices
1149 2158 1255 2207 sunt,
1286 2163 1413 2200 caeteri
1436 2164 1476 2202 in
1498 2166 1606 2218 apice
1635 2143 1699 2220 pa’.

292 2234 382 2263 'rum
403 2221 562 2260 ramosi:
592 2220 738 2258 Primus
757 2219 792 2255 ἀ
815 2217 943 2256 ultimi
961 2216 1112 2253 minimi
1129 2213 1225 2256 sunt,

187 2291 255 2326 20,
286 2276 414 2319 Caudn
433 2275 604 2320 bifurca,
631 2271 847 2319 canescens,
875 2271 1076 2310 radiorum
1093 2270 1311 2308 &wdecim
1339 2269 1570 2321 longorum,
1601 2287 1697 2326 quo-

300 2348 386 2374 rum
406 2333 483 2370 duo
504 2328 688 2382 simplices
717 2327 823 2373 sunt,
852 2337 987 2380 praeter
1008 2334 1200 2365 extremos
1221 2326 1412 2376 minores,
1442 2325 1583 2380 reliqui
1604 2342 1700 2370 vero

301 2388 419 2428 medii
439 2389 479 2425 in
499 2386 606 2440 apice
627 2383 762 2421 ramosi
783 2381 878 2423 sunt,

194 2457 261 2487 ιι,
294 2446 430 2483 Locusz
460 2444 568 2479 Mare
590 2437 709 2477 solum
732 2439 771 2475 in
791 2437 934 2475 Suecia.
992 2437 1176 2475 Oceanus,
1206 2435 1277 2477 dee.

192 2513 262 2540 22·
296 2499 366 2536 Cor
385 2496 712 2549 quadrilaterum,
743 2493 863 2531 acutis
885 2490 1031 2540 angulis
1054 2489 1265 2542 praeditum.

195 2567 263 2601 23,
291 2555 417 2604 Hepm’
444 2552 627 2599 rubrum,
682 2549 892 2598 exiguum,
946 2544 1172 2595 angulosum
1201 2558 1285 2583 cum
1316 2546 1447 2587 Vesica
1478 2545 1593 2587 fellea
1620 2547 1707 2589 sub-⁴

308 2617 375 2645 tus

197 2676 263 2713 24.
295 2662 442 2705 Goaria
463 2661 562 2711 duo,
595 2672 758 2711 magna,
790 2652 976 2712 simplicia
1005 2656 1042 2695 ἁ
1069 2653 1169 2706 lata,
1194 2667 1264 2709 per
1285 2663 1408 2697 totum
1430 2646 1623 2698 abdomen
1643 2673 1707 2700 ex.

1592 2714 1709 2767 tensa,
