1764 2880
124 103 164 156 4

279 78 739 159 Malacopterzsgz’i.
1092 100 1113 178 ν’
1190 110 1193 111 ’
1224 80 1274 140 S
1272 87 1541 159 vstoegnathi.

237 215 539 259 Branchiarum3
570 215 731 254 Initium
756 212 857 252 dorsi
887 211 1113 255 subacutum
1134 223 1176 256 ut
1199 215 1250 256 in·
1271 216 1347 272 {tia
1369 214 1514 273 specie,
1546 218 1650 273 quod

238 274 280 309 in
322 270 395 310 zda
425 271 674 309 desideratur.
1650 286 1654 289 >

127 338 166 374 3.
191 325 296 366 Anus
324 326 564 365 extremitati
590 323 715 363 caudae
751 337 868 377 quam
897 326 1021 365 rostro
1050 327 1247 378 vicinior,
1297 337 1433 368 contra
1468 343 1583 382 quam
1610 330 1653 370 in

238 380 388 420 duabus
418 378 615 433 speciebus
645 379 959 433 praecedentibus.

130 447 169 485 4.
197 437 348 489 Corpus
373 434 392 473 Ξι
421 437 547 489 capite
575 434 622 474 ad
649 438 782 474 Anum·
803 434 1112 487 quadrangulum
1143 447 1327 492 apparet,
1378 438 1440 478 sed
1467 438 1651 479 lateribus

234 489 514 545 inaequalibus,
553 504 642 530 nam
670 490 846 529 infimum
873 491 1033 545 reliquis
1059 493 1173 532 latius
1201 496 1273 540 est,
1304 497 1339 533 ἀ
1359 494 1576 548 supremum
1598 508 1655 534 re-

238 545 356 600 liquis
387 548 592 596 augustius,
667 547 847 585 Infimum
877 565 908 591 v.
938 561 1018 586 non
1048 551 1212 587 omnino
1243 548 1424 602 planum,
1481 549 1542 588 sed
1575 560 1651 589 tres

237 601 398 654 angulos
428 603 589 652 exiguos
611 604 783 640 continet
814 601 878 640 seu
907 613 1075 655 quatuor
1105 603 1224 643 latera
1253 606 1404 643 minora
1422 635 1432 652 ,
1465 607 1515 643 ita
1535 613 1575 643 ut
1596 607 1653 658 pi-

238 656 329 706 scis,
360 658 384 696 fi
417 668 594 697 accurate
621 656 890 710 inspiciamus,
937 660 975 696 in
1005 659 1136 698 medio
1167 673 1333 712 corpore
1362 659 1652 712 quodammodo

237 713 480 767 heptagonus
521 714 583 750 fit:
632 714 690 750 Ab
723 715 808 749 Ano
844 712 894 750 ad
930 714 1048 752 finem
1077 717 1202 766 pinnae
1240 714 1399 752 dorsalis
1428 717 1651 764 hexagonus

236 769 309 815 est,
339 766 402 806 sed
429 766 613 806 lateribus
652 764 767 805 aliter
794 770 1025 819 comparatis
1054 783 1168 821 quam
1193 771 1233 806 in
1264 769 1412 808 duabus
1439 769 1654 823 praeceden-

237 824 341 863 tibus
360 822 584 877 speciebus,
613 822 780 861 latitudo
801 823 905 860 enim
929 826 1131 876 corpor-is,
1161 824 1235 862 hoc
1264 823 1350 862 loco
1372 826 1489 874 magis
1507 823 1655 877 plagio·

239 880 366 933 platea
396 892 511 931 quam
544 876 872 931 perpendicularis
900 879 974 926 cst,
1028 889 1162 917 contra
1202 893 1317 932 quam
1347 879 1387 917 in
1416 878 1493 918 illis
1522 881 1558 918 dc
1586 893 1652 918 an·

237 933 346 985 gulus
377 932 546 972 lateralis
573 933 690 971 medii
715 947 794 970 non
821 932 952 971 deficit
981 934 1029 973 ad
1058 935 1214 972 initium
1244 935 1370 987 pinnae
1398 933 1582 984 dorsalis,
1610 943 1653 973 ut

236 991 277 1028 iu
297 989 449 1028 duobus
469 987 795 1040 praecedentibus,
825 987 888 1027 sed
915 1002 995 1029 uuo
1015 991 1171 1028 tramite
1191 990 1454 1029 continuatur.

237 1048 269 1083 A
295 1046 370 1095 fine
394 1045 520 1097 piunae
541 1042 702 1081 dorsalis
725 1042 787 1081 vel
807 1043 855 1082 ad
878 1045 1047 1083 medium
1069 1044 1196 1083 cauda:
1217 1043 1426 1096 quadratus
1451 1045 1517 1092 est,
1546 1043 1651 1083 dein.

235 1100 283 1139 de
311 1101 453 1149 exiguo
473 1097 597 1150 spatio
626 1107 866 1149 pentagonus
896 1100 999 1149 quasi
1031 1099 1187 1144 evadit,
1225 1097 1374 1150 reliqua
1406 1113 1494 1152 pars
1515 1100 1564 1138 ad
1588 1113 1655 1139 ex.

235 1163 403 1193 tremum
427 1152 556 1192 caudae
582 1152 770 1204 quadrata
800 1153 875 1199 est,
922 1151 986 1191 sed
1022 1152 1173 1203 angulis
1199 1152 1399 1192 contrario
1428 1153 1548 1194 modo
1577 1154 1654 1193 sitis

235 1223 354 1262 quam
380 1210 422 1247 in
461 1208 659 1246 anteriore
687 1215 812 1258 parte.

125 1275 162 1311 5.
194 1266 346 1317 Corpus
383 1273 600 1302 extremum
630 1259 651 1299 ὲ
684 1263 759 1301 fine
787 1264 913 1314 pinnae
949 1261 1110 1302 dorsalis
1142 1263 1191 1302 ad
1218 1263 1335 1301 finem
1367 1261 1497 1301 caudae
1525 1260 1651 1302 multo

236 1321 357 1370 magis
385 1317 598 1369 gracilescit
628 1319 664 1355 ἀ
691 1319 879 1368 angustius
904 1319 954 1357 est
981 1318 1179 1372 respe&i¹‚
1216 1332 1332 1371 quam
1362 1319 1402 1356 in
1434 1317 1651 1372 praeceden-

235 1376 338 1413 tibus
370 1376 464 1413 2bus
493 1373 701 1427 speciebus·
1153 1376 1159 1379 ⁷

125 1435 162 1473 6.
192 1432 391 1471 Numerus
421 1428 716 1469 Laminularzmz
745 1427 766 1467 ὲ
794 1429 917 1482 capite
945 1428 992 1467 ad
1021 1431 1148 1467 Anum
1184 1441 1253 1479 17,
1292 1430 1339 1467 ab
1369 1441 1446 1467 ano
1476 1439 1574 1466 vero
1602 1425 1652 1466 ad

233 1495 450 1524 extremum
472 1485 600 1523 caudae
624 1496 672 1531 45
700 1485 878 1532 circiter,
910 1498 999 1523 nam
1027 1489 1208 1523 extremae
1238 1485 1287 1522 ab
1316 1485 1556 1538 parvitatem
1583 1495 1653 1521 nu-

234 1550 386 1580 meratu
419 1539 594 1579 difficiles
623 1539 722 1578 sunt.

122 1608 163 1649 7.
190 1596 323 1634 Cauda
345 1597 385 1632 iu
406 1604 582 1633 extremo
612 1593 789 1631 subacuta
820 1595 857 1631 ἁ
888 1595 1085 1645 apterygia
1118 1602 1222 1640 erat,
1262 1608 1331 1632 nec
1358 1591 1483 1632 ullum
1505 1594 1652 1643 signum

237 1650 394 1696 aderat,
427 1661 505 1700 quo
535 1648 720 1698 colligere
750 1647 908 1694 liceret,
937 1649 972 1686 ei
1002 1648 1160 1686 caudam
1182 1647 1356 1692 adfuisse‘

129 1712 168 1754 8.
195 1707 315 1745 Pinna
353 1706 392 1741 in
422 1701 536 1742 dorso
572 1703 752 1751 humilis,
810 1701 877 1741 off.
911 1715 958 1754 35
999 1703 1060 1741 vel
1090 1702 1289 1756 plui·iu¹i5‚
1345 1710 1548 1742 numeratu
1585 1701 1653 1740 ad·

237 1759 398 1798 modum
427 1756 602 1796 difficilia
629 1757 726 1799 sunt.
785 1759 910 1796 Pinnae
938 1757 1150 1796 Pe&orales
1182 1759 1329 1807 exiguae
1377 1760 1416 1799 Ρ.
1444 1758 1521 1796 Ani
1544 1754 1651 1795 nulla

233 1817 273 1853 in
294 1813 396 1866 pisce
414 1815 510 1851 sicco
533 1813 681 1851 aderat.
740 1811 863 1850 Color
892 1814 1012 1851 totius
1033 1813 1209 1865 corporis
1229 1811 1434 1857 albescens.

125 1883 164 1917 9,
195 1867 419 1918 Longitudo
447 1867 629 1920 descripti
661 1873 800 1909 ἄμης,
828 1880 844 1912 3
878 1866 945 1906 lin.
975 1870 1142 1908 circiter.

236 1927 331 1963 Non
351 1922 620 1971 cartilaginem
647 1924 720 1973 est,
760 1921 824 1962 sed
853 1921 1002 1977 spinam
1032 1923 1132 1963 dorfi
1161 1921 1301 1963 osseam
1327 1925 1433 1964 intus
1461 1920 1649 1963 continet.

238 1979 437 2019 Vertebrae
471 1976 608 2028 longae.

460 2154 957 2219 COEITIS,
1019 2155 1312 2208 G.Pisc.2.

126 2317 157 2359 1.
188 2316 218 2356 C
230 2316 335 2354 031
351 2312 452 2355 TIS
476 2311 599 2352 aculeo
630 2311 781 2364 bifurco
808 2313 921 2366 infra
948 2324 1149 2368 utrumqne
1176 2313 1335 2358 oculum.
1394 2311 1536 2353 Cohitis
1562 2309 1651 2351 bar-

127 2672 151 2686 Ἀ

235 2369 391 2416 lunula,
419 2369 602 2409 aculeata.
661 2371 886 2408 Afflorum.

243 2425 437 2479 Tiinglnke
464 2425 512 2465 ad
539 2427 681 2464 Lacum
709 2423 902 2462 Melerum
931 2427 968 2463 ἀ
999 2424 1182 2478 praedium
1216 2422 1412 2463 W'a‘lsaetra
1431 2424 1560 2462 Suecis
1591 2423 1651 2462 di-

241 2482 354 2520 citur.

154 2563 163 2577 .
199 2535 318 2587 Caput
335 2533 693 2588 Cathetoplateum‚
721 2532 949 2585 oblongum.
1005 2531 1184 2590 Rostrum
1206 2531 1255 2573 ad
1282 2530 1472 2571 inferiora
1499 2532 1640 2572 flexum

240 2590 303 2629 seu
332 2591 520 2629 resimum.

152 2679 162 2690 .
196 2646 332 2699 Corpus
359 2644 684 2701 cathetoplateum
712 2648 751 2687 ἁ
779 2643 867 2685 satis
889 2653 1028 2694 tenue,
1064 2644 1237 2695 ejusdem
1271 2643 1354 2684 fere
1381 2642 1528 2696 ubique
1560 2639 1648 2681 lati-

238 2702 398 2746 tudinis.

1464 2764 1506 2805 3.
1532 2752 1648 2794 Man-
