1764 2880
190 23 679 105 Acamlzopteissffgii.
919 76 921 78 .
1224 30 1407 86 persa,
1531 47 1596 102 79

187 165 241 222 Β.
277 173 449 213 Palatum
479 173 518 210 in
549 171 677 210 antica
706 177 813 223 parte
843 169 939 209 duos
965 181 1124 218 magnos
1157 171 1299 209 Dentes
1330 186 1412 210 cum
1442 173 1592 212 duobus

189 231 288 280 3bus
313 228 371 266 vel
398 227 574 280 pluribus
598 228 744 276 exiguis
774 226 1034 274 intermediis,
1064 228 1098 263 dc
1120 226 1273 265 unicum
1298 230 1473 264 ordinem
1496 231 1593 266 Den-

185 286 283 322 tium
302 285 513 329 minorum,
538 283 722 333 utrinque
742 282 782 319 in
801 283 982 319 extremis
1002 280 1186 319 lateribus
1206 280 1325 332 palati
1342 280 1470 328 habet,
1498 282 1592 320 alias

187 346 314 378 totum
335 336 502 391 palatum
521 336 697 386 glabrum
717 338 753 374 ἀ
774 349 986 375 concavum
1005 338 1066 378 est,

183 414 237 457 ‘y
268 407 313 443 In
344 404 533 442 Faucibus
563 402 719 455 insuper
752 402 800 441 ad
833 402 973 441 Gulam
1012 399 1089 440 offa
1121 400 1205 440 sunt
1235 399 1449 440 denticellis
1477 401 1595 439 confi-

184 468 252 507 ta,
283 472 450 521 quornm
468 457 546 496 duo
568 458 732 496 inferius
758 457 929 507 oblonga
948 459 1053 504 juxta
1072 457 1343 496 branchiarum
1373 457 1593 504 minimam,

185 517 222 552 ἀ
240 489 305 551 ⁹sex
335 515 487 551 minora
516 511 679 565 superne
708 515 748 552 in
771 514 847 551 duo
880 515 1024 561 majora
1056 510 1225 562 oblonga
1255 514 1292 550 ἀ
1311 511 1482 549 ἀὶίὶὶιιὲὶᾶ
1504 524 1594 563 qua·

185 569 211 606 fi
231 567 371 607 coalita
392 566 487 609 sunt

79 637 139 666 ια,
172 623 370 661 Branchiae
413 624 595 675 utrinque
636 631 833 675 quatuor,
881 634 1044 673 quarum
1084 629 1159 659 tres
1194 621 1410 671 superiores
1449 618 1594 671 duplici

184 675 506 716 Tuberculorum
555 677 817 718 aculeatorum
863 677 1001 713 ordine
1048 676 1242 714 donantur
1262 704 1273 721 ‚
1315 675 1446 711 infima
1493 687 1589 712 vero

185 731 348 785 simplici
384 741 546 771 tantum.
620 730 848 770 Tubercula
889 731 1086 769 exteriora
1125 731 1164 767 in
1202 728 1386 766 branchia
1416 727 1591 780 suprema

182 786 386 839 inaequalia
427 785 542 835 sunt,
589 786 635 827 sc.
672 779 1087 839 quaedamjongiora,
1133 783 1304 837 quaedam
1341 781 1465 821 multo
1504 782 1589 822 bre

186 844 310 882 viora.
337 855 340 858 ⁴

75 909 138 942 13.
171 897 321 949 Lingua
340 896 451 943 alba,
479 895 632 946 glabra,
661 895 815 935 inferne'
833 897 971 937 soluta.

77 963 139 999 14.
175 953 303 991 Pinna»
335 952 539 991 Peflorales
569 951 821 999 albescentes,
866 954 1065 991 radimum
1094 949 1278 998 sedecim,
1317 962 1486 1004 quorum
1507 949 1586 990 duo

182 1008 348 1045 extremi
377 1008 561 1058 utrinque
601 1006 753 1044 indivisi
782 1009 818 1044 ἀ
847 1009 1037 1054 minores,
1074 1007 1202 1043 cazteri
1228 1006 1268 1042 in
1297 1008 1405 1058 apice
1434 1007 1586 1052 ramosi,

181 1061 301 1099 medii
324 1059 529 1109 longissimi
557 1059 641 1098 sunt
672 1062 894 1097 membrana
917 1061 1124 1097 admodum
1155 1058 1275 1096 debili
1303 1063 1341 1098 ἀ
1371 1062 1479 1097 tenui
1500 1072 1589 1098 con-

151 1149 153 1151 .
178 1118 392 1165 junguntur
411 1127 556 1156 omnes.
598 1112 783 1166 Respe&u
805 1116 979 1167 corporis
999 1115 1143 1163 exiguae
1163 1126 1318 1164 quoque
1338 1112 1435 1151 sunt.

74 1197 136 1234 15.
172 1187 301 1226 Pinnae
345 1183 540 1226 Ventrales
576 1183 670 1222 albae
711 1199 795 1224 cum
835 1185 1027 1238 pun8mlis
1078 1183 1510 1232 cano-nigrescentibus
1549 1186 1588 1223 δε

185 1239 340 1278 tantilio
375 1240 481 1277 rubri
511 1239 711 1279 admixtis:
759 1240 958 1278 radiorum
992 1239 1078 1286 sex,
1116 1252 1281 1292 quorum
1318 1242 1462 1292 primns
1501 1253 1585 1277 acu-

181 1294 304 1333 leatus
325 1296 362 1332 ὅ(
387 1293 566 1346 simplex,
596 1294 738 1346 reliqui
767 1295 815 1333 ad
845 1295 1013 1333 medium
1033 1297 1069 1332 δε
1098 1295 1198 1332 ultra
1230 1293 1440 1333 admodum
1459 1307 1587 1333 ramo-

180 1350 245 1393 fi;·
261 1351 404 1387 Omnes
424 1349 582 1386 crasfimi
603 1348 688 1387 sunt
707 1352 740 1387 ἀ
763 1350 971 1388 admodum
991 1349 1136 1387 robusti
1155 1348 1201 1387 ad
1225 1359 1414 1389 exortum·

41 1417 45 1420 ’
74 1405 138 1448 16„
171 1405 296 1444 Pinna
326 1402 429 1455 dorfi
453 1405 584 1455 prima
622 1417 667 1442 ex
700 1403 855 1442 maculis
893 1404 1074 1453 oblongis
1110 1404 1229 1452 nigris
1266 1406 1302 1442 ὅς
1339 1417 1457 1442 cano·
1470 1402 1583 1442 luteis

181 1459 314 1512 pulcre
332 1459 550 1506 variegata,
579 1458 778 1497 radiomm
797 1459 1113 1523 quatuordecim,
1141 1472 1308 1511 quorum
1336 1472 1469 1497 omnes
1494 1472 1582 1497 acu-

180 1514 271 1551 leati
290 1515 325 1551 ἅ·
346 1513 515 1555 robusti3
544 1511 622 1550 duo
642 1513 768 1552 ultimi
795 1516 946 1552 minimi
966 1512 1062 1553 sunt.

73 1579 135 1621 17.
170 1569 292 1609 Pinna
330 1565 433 1618 dosst
456 1565 628 1618 ficuna'n
665 1567 863 1606 canescens
892 1582 977 1607 enm
1016 1567 1175 1605 maculis
1214 1569 1334 1616 nigris
1361 1554 1582 1606 minoribus

177 1624 287 1673 (16)
316 1625 353 1660 ἀ
382 1621 705 1660 flavescentibus·
694 1648 706 1665 ‚
752 1622 953 1661 iadiorum
982 1623 1121 1671 viginti
1151 1623 1187 1659 ἂ
1217 1624 1334 1660 trium
1355 1651 1367 1669 ,
1410 1635 1581 1674 quorum

177 1677 257 1716 duo
290 1677 406 1729 primi
436 1674 622 1724 aculeati,
652 1679 769 1714 ceteri
798 1679 838 1715 in
869 1678 974 1730 apice
1004 1677 1154 1718 ramofi,
1229 1678 1375 1715 Primus
1406 1679 1584 1715 omnium

175 1732 358 1771 minimus
379 1732 443 1778 est,
470 1707 656 1768 secund'us
675 1733 712 1769 ὃς
732 1730 890 1769 ultimus
910 1730 1173 1779 magnitudine
1190 1731 1280 1769 huie
1298 1732 1483 1792 proximi.

72 1810 134 1848 18.
166 1803 292 1843 Pinna
326 1800 406 1840 Am·
435 1800 519 1839 alba
546 1830 557 1847 ,
605 1815 691 1839 cum
719 1801 912 1854 punffiiulis
937 1801 1104 1841 exilibus
1141 1793 1474 1850 nigrescentibus,
1520 1817 1581 1842 ra-

177 1857 332 1896 diorum
372 1855 697 1908 quatuordecim,
742 1870 908 1908 quorum
945 1857 1021 1894 duo
1060 1857 1176 1909 primi
1214 1855 1415 1903 Aculeati‚
1460 1859 1580 1896 ceteri

160 1921 321 1966 praeter
345 1913 464 1956 gtium
493 1912 532 1949 in
561 1912 669 1963 apice
698 1913 868 1950 ramofi·
858 1938 869 1954 ‚
918 1913 1095 1958 Prinnm,
1142 1909 1324 1951 secundus
1353 1914 1388 1950 <Sc
1418 1909 1578 1950 ultimus

174 1967 330 2005 minimi
371 1964 476 2013 sunt,
514 1964 769 2017 septendecim
797 1965 1029 2017 longorum,
1056 1941 1194 2019 piaeter
1228 1967 1427 2006 radiorum
1457 1975 1578 2006 extre

176 2035 260 2060 mos
280 2029 480 2060 numeratu
499 2019 685 2060 difficiles.

68 2087 133 2129 1.9
166 2075 295 2115 Gauda
317 2075 478 2116 bifurca
1130 2104 1133 2106 ,

64 2145 134 2173 20
164 2130 291 2172 Peflus
308 2131 470 2183 squamis
492 2132 647 2182 tastum,
677 2146 756 2172 non
775 2146 872 2173 vero
895 2132 1040 2173 nudum
1061 2131 1264 2173 secundum
1285 2132 1483 2187 quosdam.

64 2199 131 2228 21,
160 2189 285 2239 Hepar
312 2187 474 2224 iubrum
509 2201 529 2224 u
558 2188 703 2226 finistro
739 2188 860 2228 latere
897 2191 1015 2240 magis
1044 2190 1183 2240 situm,
1242 2191 1281 2227 in
1324 2190 1419 2228 duos
1465 2189 1576 2228 lobos

173 2244 338 2289 majores
366 2244 400 2280 ὅτ
437 2240 585 2294 aliquot
622 2243 834 2298 apophyses
873 2246 1042 2284 minores
1071 2243 1265 2292 divisum,
1312 2258 1396 2283 cum
1424 2244 1576 2289 Cystide

172 2295 288 2334 fellea
317 2297 427 2339 flava.

62 2364 130 2395 22.
167 2349 416 2390 Ventriculus
461 2351 668 2391 mediocris
690 2383 703 2401 ‚
764 2353 954 2405 oblongus
975 2384 987 2403 ,
1040 2367 1125 2394 cum
1172 2353 1234 2392 sex
1288 2354 1574 2405 Appendicibus

174 2407 321 2455 magnis
349 2408 385 2445 ἀ
414 2407 542 2445 rubris
570 2407 671 2446 infra
700 2408 902 2457 imorum,
951 2408 1064 2454 chylo
1092 2407 1212 2447 craffo
1240 2411 1276 2447 dc
1303 2410 1417 2457 albo,
1461 2408 1573 2448 visci·

173 2460 329 2513 doque,
357 2461 463 2499 ficnti
493 2464 529 2500 <Sc
559 2462 828 2511 Ventriculus,
865 2464 1026 2503 refertis.
1085 2466 1131 2503 ln
1164 2462 1262 2503 Gula
1288 2477 1384 2504 vero
1417 2465 1574 2505 Persam

162 2514 400 2569 fluviatilem
419 2516 585 2556 Bellonii
605 2518 863 2558 biuncialem
853 2521 997 2559 mveni.

62 2583 128 2618 23.
156 2568 375 2623 Integslinmn
402 2570 517 2609 semel
555 2573 710 2624 quidem
740 2575 922 2614 reflexum
940 2603 953 2624 ,
997 2573 1060 2615 sed
1088 2582 1216 2649 tamen
1245 2574 1354 2616 varie
1384 2586 1483 2613 conv
1474 2571 1571 2611 olu-

172 2635 253 2671 tum
272 2628 307 2667 ἄ
328 2634 496 2678 tortum,
526 2627 639 2681 adipe
659 2629 888 2671 contedium.

1372 2694 1439 2732 24.
1474 2682 1568 2723 Lim
