1764 2880
589 431 1266 500 LECTORI

890 525 950 635 ,8.

411 713 474 770 C.
600 712 1428 771 LIN'NAEUS.

162 885 590 1034 obstupesceres
626 977 756 1017 certe
774 965 981 1028 Leeior,
1017 963 1256 1016 fividiffes
1279 965 1398 1032 ipse,
1436 980 1525 1030 qua
1557 980 1675 1015 con-

159 1053 323 1106 stantia
351 1057 398 1106 &
427 1054 632 1119 affiduo,
687 1073 780 1106 nec
813 1054 1117 1119 defatigando
1146 1055 1335 1116 labore,
1388 1053 1539 1103 Pisces
1564 1052 1674 1102 suos

160 1144 449 1210 descripserit
468 1143 659 1193 Austor
677 1183 693 1208 ,
745 1149 825 1209 qui
853 1159 957 1192 non
987 1141 1229 1192 delassatus
1273 1147 1491 1207 integros
1515 1141 1673 1208 plures

161 1234 259 1283 dies
307 1237 358 1281 in
397 1236 539 1281 unitis
574 1232 714 1282 Piscis
761 1231 1078 1298 descriptione
1124 1228 1378 1280 consumsit
1405 1250 1419 1288 3
1482 1227 1673 1278 vidisses

157 1338 297 1388 quam
324 1321 543 1370 adcurata
577 1338 722 1370 manu
757 1319 958 1384 fingulas
987 1323 1182 1385 pinnas,
1233 1323 1378 1382 inque
1412 1319 1486 1368 his
1512 1315 1670 1382 singu-

156 1412 232 1461 los
258 1410 439 1472 radi08‚
483 1426 589 1460 non
616 1409 760 1459 semel
788 1408 864 1457 sed
887 1409 1060 1474 pluries
1082 1419 1355 1457 numeraret
1366 1423 1378 1466 3
1417 1407 1669 1470 quomodo

158 1516 328 1550 omnes
359 1499 601 1548 vertebras
630 1497 865 1547 distindims
892 1485 1164 1547 11umesaret
1183 1534 1198 1559 ,
1249 1495 1564 1557 describeret3
1617 1507 1674 1546 ut

155 1589 235 1638 hic
252 1587 369 1636 Tibi
386 1585 625 1651 specimen
644 1582 699 1633 fit
715 1600 910 1644 verum,
964 1583 1223 1632 secundum
1250 1583 1406 1646 quod,
1459 1581 1493 1630 fi
1521 1583 1670 1648 pisces

154 1676 385 1728 describas
404 1713 420 1738 ‚
475 1674 590 1722 felix
618 1677 722 1723 eris.
798 1672 968 1723 Nullus
996 1682 1125 1721 certe
1152 1686 1376 1736 umquam
1403 1669 1555 1723 Pisces
1589 1672 1670 1739 ad:

154 1771 360 1818 curatius
388 1767 691 1813 examinavit.

285 1853 436 1905 Pisces
468 1852 698 1918 plurimos
726 1849 835 1901 suos
872 1848 1107 1918 descripsit
1141 1848 1433 1900 UPSALIAE
1466 1853 1519 1900 in
1552 1852 1671 1902 Sue:

67 1992 69 1995 ,
150 1948 224 1997 cia
243 1982 260 2008 ‚
311 1959 373 1991 ex
409 1942 515 1991 lacu
546 1939 784 1990 adfluente
816 1939 1109 1989 MAELERO
1138 1938 1378 1989 extradios
1400 1976 1415 2001 ,
1473 1940 1554 1989 ubi
1579 1957 1666 2007 per

151 2048 308 2085 annos
332 2032 456 2081 bene
482 2030 661 2080 multos
688 2033 834 2093 vixit,
872 2044 966 2079 nec
990 2044 1172 2097 paucos
1189 2032 1241 2076 in
1260 2027 1666 2077 NORLANDIA

153 2137 362 2184 suEmAE,
391 2136 529 2184 quam
549 2116 760 2170 visitabat
778 2134 908 2169 anno
928 2126 1041 2183 1728
1063 2118 1110 2168 &
1126 2130 1265 2182 17293
1301 2119 1460 2166 varios
1481 2115 1592 2165 dein
1610 2120 1665 2167 in

149 2216 321 2263 itinere
352 2212 617 2273 maritimo,
669 2209 782 2259 dum
810 2208 1008 2274 Angliam
1035 2217 1216 2276 peteret
1240 2219 1353 2272 1734
1373 2243 1389 2269 ,
1434 2222 1528 2256 nec
1554 2221 1660 2256 non

148 2301 330 2365 aliquot
358 2303 408 2348 in
435 2298 527 2366 ipsa
553 2298 733 2365 Anglia
758 2311 886 2366 17353
924 2315 927 2319 ·
942 2313 1122 2364 paucos
1153 2297 1265 2348 dein
1290 2300 1356 2362 in,
1380 2295 1543 2362 mustei?
1561 2294 1663 2347 Cu-

147 2388 383 2444 tiosorum
407 2388 709 2444 adumbravit.

1455 2729 1662 2783 INDEX
