1764 2880
191 44 679 119 Acanthopterzjgii.
825 66 828 69 ’
1164 45 1410 123 Mugiles.
1529 71 1563 126 7
1567 72 1611 128 3.¹

194 174 387 218 Ventrales
421 172 515 213 albae
553 173 825 220 PectoralibusJ
854 188 969 228 qnam
1007 177 1093 216 Ano
1123 179 1362 232 propiores,
1407 181 1455 221 ad
1491 183 1596 223 basin

187 232 410 271 membrana
440 228 524 267 alba
554 231 718 268 firmiter
748 232 958 278 c011jun6tae
988 232 1092 281 sunt,
1131 236 1168 272 dc
1199 234 1246 273 ad
1275 237 1597 288 perpendiculum

185 288 283 336 erigi
315 300 393 324 non
426 283 599 337 possunt,
632 284 876 324 ossiculorum
905 286 992 334 sex,
1032 302 1199 342 quorum
1237 303 1293 328 im
1322 290 1482 344 reliquis
1516 294 1599 331 bre-¹

183 342 269 380 vius
300 345 335 380 (Sc
367 340 582 380 aculeatum
605 369 617 387 ,
667 340 816 393 reliqua
855 341 1032 393 longiora
1069 346 1105 382 ἁ
1135 345 1175 381 in
1206 346 1316 398 apice
1345 346 1509 385 multum
1539 361 1597 385 ra-

184 397 302 440 mosa.
347 400 473 437 Nota:
503 394 703 448 Appendix
733 395 929 448 squamosa
957 400 1137 452 utrinque
1159 399 1205 437 ad
1227 401 1292 439 has
1316 402 1453 453 pinnas
1484 402 1599 443 adest.

79 465 140 493 m.
173 453 300 504 Pimm
328 452 405 490 Am·
435 449 546 498 alba,
578 449 825 490 ossiculorum
867 450 912 491 12
944 452 1006 493 vel
1038 453 1177 501 interd.
1217 467 1283 502 13,
1323 469 1490 508 quorum
1520 457 1599 496 duo

183 506 246 546 vel
277 507 381 545 Tria
408 507 534 558 prima
564 505 747 559 simplicia
768 509 804 545 ἀ
824 507 1016 547 tantillum
1041 508 1212 547 aculeata
1243 508 1350 559 sunt,
1379 511 1528 564 reliqua
1560 513 1600 550 in

185 563 292 614 apice
330 575 463 614 parum
503 560 660 603 ramosa.
731 561 788 599 Ad
826 563 1143 616 perpendicnlum
1178 565 1277 615 erigi
1305 578 1384 609 non
1431 564 1597 619 potsunt.

186 619 290 654 Anus
321 616 447 655 caudae
478 629 590 668 quam
620 618 737 668 capiti
768 617 890 654 multo
921 619 1100 670 propior.
1602 620 1606 621 ⁷

81 682 141 716 13.
176 670 306 710 Gauda
343 670 493 709 bifurca
531 669 763 709 semicirculi
802 672 949 717 instar,
996 670 1242 711 ossiculorum
1285 686 1333 718 14
1378 671 1600 723 longorum,

186 735 323 779 praeter
352 735 523 764 extrema
543 727 746 769 breviora;
777 739 822 763 ex
850 726 973 775 longis
1003 735 1214 766 extremum
1243 730 1424 781 utrinque
1454 729 1598 769 indivi-

184 781 263 818 sum
296 783 368 827 est,
400 780 549 832 reliqua
581 780 790 819 admodum
822 780 983 819 ramosa.
1644 784 1647 786 ’

82 846 143 883 14.
176 836 369 875 Denticuli
400 837 536 873 exiles:
574 849 661 874 imo
684 837 864 888 utrinque
892 837 932 873 in
962 837 1137 885 Lingua,
1167 849 1249 888 quae
1269 834 1516 886 cartilaginea
1534 840 1598 878 est.

186 891 277 932 2d0.
311 891 518 929 Ossiculum
550 889 838 928 subrotnndum
861 889 1065 929 denticulis
1085 890 1258 943 asperum
1291 892 1474 943 utrinque
1499 906 1518 930 a
1549 893 1602 931 la.

185 946 330 984 teribus
361 946 477 982 medii
510 943 640 997 palati,
703 947 797 990 gtio.
827 947 931 983 Intus
961 947 999 983 in
1029 947 1142 997 Apice
1173 943 1340 983 Maxillae
1376 944 1601 999 superioris,

185 1001 386 1053 postquam
418 1000 561 1037 sinuata
591 1000 663 1047 est,
696 1008 884 1051 apparent
912 1001 1016 1051 quasi
1048 999 1134 1038 villi
1163 1000 1395 1043 breviffimi3
1425 1000 1598 1041 Palatum

184 1056 375 1102 medium,
405 1054 530 1093 fauces
561 1056 597 1091 <Sc
627 1054 786 1091 maxilla
816 1054 984 1092 inferior
1015 1056 1178 1091 omnino
1209 1053 1339 1103 glabra
1369 1053 1466 1096 sunt.

80 1122 142 1158 15.
175 1109 371 1148 Branchiae
399 1110 582 1159 utrinque
613 1117 781 1159 quatuor
801 1138 812 1155 ,
863 1121 997 1145 omnes
1029 1108 1176 1159 duplici
1204 1109 1453 1161 apophysium
1483 1111 1607 1164 peffl...

187 1164 439 1212 informium,
469 1161 532 1199 sed
562 1162 740 1200 brevium
771 1162 909 1200 ordine
931 1162 1080 1201 donatae
1109 1164 1150 1200 in
1183 1176 1351 1202 concava
1372 1173 1481 1216 parte
1501 1168 1603 1220 Apo.

187 1219 318 1272 physes
338 1218 550 1257 exteriores
569 1218 609 1255 in
629 1215 802 1269 suprema
823 1217 1076 1256 interioribus
1096 1215 1294 1266 longiores
1315 1216 1412 1258 sunt.

81 1275 142 1318 16.
176 1275 248 1314 Cor
278 1274 364 1312 satis
404 1286 607 1321 magnum,
656 1275 890 1324 triquetrum
920 1271 981 1310 vel
1010 1286 1036 1320 4
1066 1269 1248 1310 lateribus
1281 1272 1483 1325 praeditum
1513 1289 1624 1315 cum·

190 1327 371 1368 Auricula
403 1331 439 1366 ἀ
471 1331 591 1365 Aorta
622 1339 772 1376 magna.

187 1387 313 1436 Hepur
342 1382 362 1421 ὲ
393 1381 513 1421 latere
544 1382 691 1420 sinistro
721 1381 842 1430 magis
874 1381 1006 1428 litum,
1046 1395 1126 1421 non
1155 1395 1358 1432 magnum,
1405 1383 1470 1423 vix
1500 1383 1599 1424 divi·-

187 1439 289 1485 sum,
321 1440 406 1476 cum
436 1439 569 1476 Vefica
599 1435 698 1475 fellis
726 1449 878 1485 magna.
1073 1450 1087 1452 e

84 1504 145 1548 17,
175 1491 273 1533 Gula
304 1492 321 1529 a
353 1490 585 1530 Ventriculo
617 1492 763 1543 optime
802 1490 1006 1533 ‹listin&a.'
1044 1492 1291 1532 Ventriculus
1332 1490 1530 1543 singularis
1559 1493 1601 1531 fi-

189 1561 314 1599 gurae,
346 1560 427 1585 non
446 1559 632 1595 magnus,
661 1545 800 1591 durus,
832 1544 1066 1584 musculosus
1096 1549 1132 1584 ἀ
1163 1547 1446 1594 ΓιὼιὉτιιηάιιε,
1478 1549 1600 1586 omni-

189 1617 241 1642 no
281 1602 336 1640 ut‘·
362 1602 403 1639 in
437 1600 582 1639 Avibus
621 1599 843 1649 granivoris
868 1628 880 1646 ‚
931 1614 1015 1639 cnm
1055 1599 1228 1639 Processu
1266 1608 1394 1639 tamen
1423 1602 1473 1642 ad
1503 1600 1602 1641 latus

187 1657 386 1697 sinistrum.

187 1707 423 1764 Appendices
451 1707 580 1754 Pylori
615 1712 639 1747 6
669 1708 715 1747 ad
746 1721 791 1757 7,
822 1709 958 1750 breves
988 1711 1025 1748 ἀ
1059 1708 1266 1748 admodum
1297 1706 1433 1748 crafl'ae.

191 1764 412 1819 Jntffiuum
443 1763 524 1815 ipso
556 1762 655 1815 pisce
684 1772 741 1801 ter
771 1763 948 1813 longius,
976 1764 1017 1801 in
1047 1763 1166 1817 spiras
1196 1765 1301 1817 quasi
1331 1761 1603 1811 convolutum,

192 1824 228 1860 ἃ
259 1820 357 1858 ultra
388 1820 511 1857 decies
539 1819 693 1856 flexum.

193 1878 285 1916 Lien
343 1873 557 1923 oblongus,
594 1871 816 1922 angulanis,
848 1868 958 1922 niger
985 1870 1033 1910 ad
1065 1871 1303 1910 Intestinum.

85 1940 147 1977 18.
180 1932 425 1971 Peritonaeum
451 1937 577 1966 totum
609 1929 765 1981 nigrum
795 1928 858 1969 est.
1138 1963 1145 1968 ,

85 2001 146 2037 19.
183 1982 440 2040 Vqsz'ca'akfrea
469 1996 626 2031 magna,
655 1980 834 2033 sunplex‚
873 1995 942 2035 per
968 1989 1093 2021 totum
1124 1981 1319 2020 abdomen
1349 1979 1525 2027 extensa,
1563 1982 1601 2019 dc

190 2041 305 2094 spinae
334 2039 432 2077 dorfi
463 2037 680 2084 adhaerens,
708 2036 770 2075 scd
800 2050 882 2090 quae
911 2036 1002 2075 inde
1025 2039 1209 2077 continua
1227 2051 1308 2076 non
1326 2036 1494 2091 separari
1515 2045 1600 2089 pot-

194 2098 268 2143 est,
307 2093 442 2132 itidem
471 2093 613 2143 nigra„

83 2166 149 2196 20.
177 2154 289 2191 Renes
317 2147 480 2196 oblongi
510 2146 623 2200 spinae
651 2146 751 2185 dorii
789 2144 996 2190 adhaerent,

81 2218 149 2250 21.
181 2210 237 2251 In⁴
256 2205 330 2243 fine
362 2201 505 2256 Aprilis
539 2215 606 2240 nec
638 2215 713 2241 ova
749 2215 817 2240 nec
847 2201 973 2240 semen
1004 2201 1185 2246 habebat.

82 2276 149 2303 22.
181 2264 224 2299 In
256 2256 483 2298 Ventriculo
513 2255 670 2295 dissecto
710 2255 808 2296 nihil
838 2258 984 2296 inveni.
1055 2258 1282 2297 Membrana
1320 2257 1424 2296 intus
1462 2255 1599 2307 rugosa

195 2319 231 2355 ek
253 2313 363 2353 facile
382 2310 585 2365 separabili
604 2313 784 2359 vestitur,
814 2313 975 2350 omnino
996 2320 1038 2350 ut
1059 2314 1099 2349 in
1122 2313 1266 2351 Avibus
1286 2311 1519 2362 granivoris.

85 2382 154 2426 23.
216 2372 311 2409 Caro
348 2367 456 2415 alba,
495 2366 640 2415 dulcis,
679 2367 798 2406 craffis
838 2365 1014 2406 musculis
1052 2368 1244 2417 constans,
1283 2365 1398 2405 nullis
1434 2366 1599 2404 omnino

197 2425 312 2478 spinis
342 2423 496 2462 referta.

85 2494 151 2532 24.
188 2478 373 2523 Vertelarae
391 2489 533 2526 magnae
561 2479 596 2516 ἀ
619 2475 820 2527 oblongae,
867 2489 1028 2515 numero
1059 2475 1200 2526 viginti
1229 2484 1398 2529 quatuor
1427 2483 1600 2515 tantum

197 2536 370 2574 omnium
381 2532 514 2571 ultima
536 2532 743 2584 apophysin
755 2539 903 2569 acutam
916 2533 1097 2583 utrinque
1110 2532 1281 2570 continet
1296 2532 1388 2570 utin
1406 2530 1598 2582 Cyprinis.

199 2591 315 2629 Costae
344 2600 506 2636 magnae,
550 2585 696 2637 longae,
741 2585 761 2624 ἓι
790 2584 973 2624 lateribus
1010 2599 1147 2640 parum
1187 2585 1426 2640 compreffae,
1467 2595 1597 2636 nume-5

199 2659 244 2684 ro
269 2656 293 2694 9
325 2644 475 2681 circiter
503 2641 697 2694 utrinque,
765 2639 986 2694 Apophyses
1011 2639 1179 2682 dorsales
1220 2643 1432 2683 anteriores
1465 2642 1598 2678 Verte‘-

92 2730 98 2740 -.
144 2698 279 2744 Arndt·
309 2696 597 2753 Descriptiones.
966 2696 998 2736 Κ
1437 2694 1595 2736 brarum
