<?xml version="1.0" encoding="UTF-8"?>
<!DOCTYPE html PUBLIC "-//W3C//DTD XHTML 1.0 Transitional//EN"
    "http://www.w3.org/TR/xhtml1/DTD/xhtml1-transitional.dtd">
<html xmlns="http://www.w3.org/1999/xhtml" xml:lang="en" lang="en">
 <head>
  <title>
</title>
<meta http-equiv="Content-Type" content="text/html;charset=utf-8" />
  <meta name='ocr-system' content='tesseract 3.04.00' />
  <meta name='ocr-capabilities' content='ocr_page ocr_carea ocr_par ocr_line ocrx_word'/>
</head>
<body>
  <div class='ocr_page' id='page_1' title='image "./ichthyologiae45arte/ichthyologiae45arte_0173.png"; bbox 0 0 1764 2880; ppageno 0'>
   <div class='ocr_carea' id='block_1_1' title="bbox 239 42 1645 164">
    <p class='ocr_par' dir='ltr' id='par_1_1' title="bbox 239 42 1645 164">
     <span class='ocr_line' id='line_1_1' title="bbox 239 42 1645 164; baseline 0.007 -26"><span class='ocrx_word' id='word_1_1' title='bbox 239 80 696 158; x_wconf 63' lang='lat' dir='ltr'>Malacopterygii.</span> <span class='ocrx_word' id='word_1_2' title='bbox 751 42 760 43; x_wconf 13' lang='grc' dir='ltr'><strong><em>ἶ</em></strong></span> <span class='ocrx_word' id='word_1_3' title='bbox 1217 62 1450 161; x_wconf 66' lang='lat' dir='ltr'>Cyprini.</span> <span class='ocrx_word' id='word_1_4' title='bbox 1512 136 1523 142; x_wconf 27' lang='lat' dir='ltr'>c</span> <span class='ocrx_word' id='word_1_5' title='bbox 1577 109 1645 164; x_wconf 91' lang='lat'>17</span> 
     </span>
    </p>
   </div>
   <div class='ocr_carea' id='block_1_2' title="bbox 116 209 1682 2390">
    <p class='ocr_par' dir='ltr' id='par_1_2' title="bbox 122 209 1585 376">
     <span class='ocr_line' id='line_1_2' title="bbox 122 209 1585 273; baseline 0.007 -23"><span class='ocrx_word' id='word_1_6' title='bbox 122 209 214 254; x_wconf 84' lang='lat' dir='ltr'>vn.</span> <span class='ocrx_word' id='word_1_7' title='bbox 247 212 277 251; x_wconf 89' lang='lat' dir='ltr'><strong><em>C</em></strong></span> <span class='ocrx_word' id='word_1_8' title='bbox 291 212 492 252; x_wconf 74' lang='lat' dir='ltr'><strong><em>VPRJN</em></strong></span> <span class='ocrx_word' id='word_1_9' title='bbox 504 213 539 251; x_wconf 86' lang='lat' dir='ltr'><em>U</em></span> <span class='ocrx_word' id='word_1_10' title='bbox 553 211 581 252; x_wconf 86' lang='lat' dir='ltr'><strong><em>S</em></strong></span> <span class='ocrx_word' id='word_1_11' title='bbox 606 210 903 266; x_wconf 70' lang='lat' dir='ltr'>quincuncialis,</span> <span class='ocrx_word' id='word_1_12' title='bbox 928 212 1048 266; x_wconf 76' lang='lat' dir='ltr'>pinna</span> <span class='ocrx_word' id='word_1_13' title='bbox 1076 213 1145 253; x_wconf 84' lang='lat' dir='ltr'>am&#39;</span> <span class='ocrx_word' id='word_1_14' title='bbox 1171 213 1401 265; x_wconf 75' lang='lat' dir='ltr'>officulorum</span> <span class='ocrx_word' id='word_1_15' title='bbox 1427 217 1585 273; x_wconf 43' lang='lat' dir='ltr'>viginti.</span> 
     </span>
     <span class='ocr_line' id='line_1_3' title="bbox 233 266 1450 319; baseline 0.003 -13"><span class='ocrx_word' id='word_1_16' title='bbox 233 266 424 306; x_wconf 74' lang='lat' dir='ltr'>Alburnus</span> <span class='ocrx_word' id='word_1_17' title='bbox 451 269 556 305; x_wconf 83' lang='lat' dir='ltr'>Decii</span> <span class='ocrx_word' id='word_1_18' title='bbox 589 267 746 306; x_wconf 85' lang='lat' dir='ltr'>Ausonii</span> <span class='ocrx_word' id='word_1_19' title='bbox 772 270 810 306; x_wconf 90' lang='lat' dir='ltr'>in</span> <span class='ocrx_word' id='word_1_20' title='bbox 842 267 1028 319; x_wconf 83' lang='lat' dir='ltr'>Mosella,</span> <span class='ocrx_word' id='word_1_21' title='bbox 1066 268 1177 309; x_wconf 66' lang='lat' dir='ltr'>versu</span> <span class='ocrx_word' id='word_1_22' title='bbox 1212 273 1304 316; x_wconf 79' lang='lat'><em>126,</em></span> <span class='ocrx_word' id='word_1_23' title='bbox 1447 299 1450 301; x_wconf 20' lang='grc' dir='ltr'><strong>Δ</strong></span> 
     </span>
     <span class='ocr_line' id='line_1_4' title="bbox 235 321 1021 376; baseline 0.006 -16"><span class='ocrx_word' id='word_1_24' title='bbox 235 323 356 371; x_wconf 54' lang='grc' dir='ltr'>Λὸῂα,</span> <span class='ocrx_word' id='word_1_25' title='bbox 390 324 515 376; x_wconf 54' lang='lat' dir='ltr'>ngffi.</span> <span class='ocrx_word' id='word_1_26' title='bbox 548 321 595 364; x_wconf 57' lang='grc' dir='ltr'>δ’</span> <span class='ocrx_word' id='word_1_27' title='bbox 623 322 742 371; x_wconf 73' lang='lat' dir='ltr'>c‘iloya.</span> <span class='ocrx_word' id='word_1_28' title='bbox 799 324 1021 366; x_wconf 77' lang='lat' dir='ltr'><strong>Succorum.</strong></span> 
     </span>
    </p>

    <p class='ocr_par' dir='ltr' id='par_1_3' title="bbox 123 375 854 427">
     <span class='ocr_line' id='line_1_5' title="bbox 123 375 854 427; baseline 0.003 -14"><span class='ocrx_word' id='word_1_29' title='bbox 123 387 158 415; x_wconf 81' lang='lat'>1.</span> <span class='ocrx_word' id='word_1_30' title='bbox 191 375 310 427; x_wconf 75' lang='lat' dir='ltr'><em>Caput</em></span> <span class='ocrx_word' id='word_1_31' title='bbox 344 379 524 426; x_wconf 82' lang='lat' dir='ltr'>exiguum</span> <span class='ocrx_word' id='word_1_32' title='bbox 552 380 587 414; x_wconf 74' lang='grc' dir='ltr'>ἀ</span> <span class='ocrx_word' id='word_1_33' title='bbox 622 376 854 417; x_wconf 76' lang='lat' dir='ltr'>subacutum.</span> 
     </span>
    </p>

    <p class='ocr_par' dir='ltr' id='par_1_4' title="bbox 116 430 1643 587">
     <span class='ocr_line' id='line_1_6' title="bbox 116 430 1642 490; baseline 0.006 -22"><span class='ocrx_word' id='word_1_34' title='bbox 116 441 156 469; x_wconf 80' lang='lat'>2.</span> <span class='ocrx_word' id='word_1_35' title='bbox 185 431 324 480; x_wconf 82' lang='lat' dir='ltr'>Figura</span> <span class='ocrx_word' id='word_1_36' title='bbox 355 433 529 483; x_wconf 73' lang='lat' dir='ltr'>corporis</span> <span class='ocrx_word' id='word_1_37' title='bbox 553 430 693 482; x_wconf 85' lang='lat' dir='ltr'>clupeae</span> <span class='ocrx_word' id='word_1_38' title='bbox 720 433 866 469; x_wconf 79' lang='lat' dir='ltr'>minori</span> <span class='ocrx_word' id='word_1_39' title='bbox 894 445 971 469; x_wconf 83' lang='lat' dir='ltr'>non</span> <span class='ocrx_word' id='word_1_40' title='bbox 994 432 1203 480; x_wconf 77' lang='lat' dir='ltr'>diffimilis,</span> <span class='ocrx_word' id='word_1_41' title='bbox 1233 433 1528 488; x_wconf 66' lang='lat' dir='ltr'>squamae‘dorsi</span> <span class='ocrx_word' id='word_1_42' title='bbox 1549 451 1642 490; x_wconf 88' lang='lat' dir='ltr'>quo-</span> 
     </span>
     <span class='ocr_line' id='line_1_7' title="bbox 229 484 1643 546; baseline 0.007 -25"><span class='ocrx_word' id='word_1_43' title='bbox 229 497 304 536; x_wconf 89' lang='lat' dir='ltr'>que</span> <span class='ocrx_word' id='word_1_44' title='bbox 335 484 603 523; x_wconf 84' lang='lat' dir='ltr'>coerulescente</span> <span class='ocrx_word' id='word_1_45' title='bbox 633 485 766 525; x_wconf 82' lang='lat' dir='ltr'>colore</span> <span class='ocrx_word' id='word_1_46' title='bbox 796 486 1030 540; x_wconf 85' lang='lat' dir='ltr'>splendent,</span> <span class='ocrx_word' id='word_1_47' title='bbox 1083 490 1244 533; x_wconf 86' lang='lat' dir='ltr'>omnino</span> <span class='ocrx_word' id='word_1_48' title='bbox 1273 500 1316 529; x_wconf 86' lang='lat' dir='ltr'>ut</span> <span class='ocrx_word' id='word_1_49' title='bbox 1344 492 1387 530; x_wconf 89' lang='lat' dir='ltr'>in</span> <span class='ocrx_word' id='word_1_50' title='bbox 1416 491 1558 546; x_wconf 86' lang='lat' dir='ltr'>clupeis</span> <span class='ocrx_word' id='word_1_51' title='bbox 1587 495 1643 540; x_wconf 88' lang='lat' dir='ltr'>ju-</span> 
     </span>
     <span class='ocr_line' id='line_1_8' title="bbox 218 540 1043 587; baseline 0.013 -12"><span class='ocrx_word' id='word_1_52' title='bbox 218 540 422 587; x_wconf 77' lang='lat' dir='ltr'>nioribus,</span> <span class='ocrx_word' id='word_1_53' title='bbox 1040 559 1043 562; x_wconf 64' lang='grc'><strong><em>“</em></strong></span> 
     </span>
    </p>

    <p class='ocr_par' dir='ltr' id='par_1_5' title="bbox 121 593 748 643">
     <span class='ocr_line' id='line_1_9' title="bbox 121 593 748 643; baseline -0.002 -9"><span class='ocrx_word' id='word_1_54' title='bbox 121 604 159 639; x_wconf 79' lang='lat'>3.</span> <span class='ocrx_word' id='word_1_55' title='bbox 189 593 321 632; x_wconf 86' lang='lat' dir='ltr'>Facies</span> <span class='ocrx_word' id='word_1_56' title='bbox 352 595 549 643; x_wconf 62' lang='lat' dir='ltr'>Col-egoni</span> <span class='ocrx_word' id='word_1_57' title='bbox 581 596 748 634; x_wconf 82' lang='lat' dir='ltr'><strong>minimi.</strong></span> 
     </span>
    </p>

    <p class='ocr_par' dir='ltr' id='par_1_6' title="bbox 119 647 1642 756">
     <span class='ocr_line' id='line_1_10' title="bbox 119 647 1642 704; baseline 0.006 -19"><span class='ocrx_word' id='word_1_58' title='bbox 119 659 160 694; x_wconf 82' lang='lat'>4.</span> <span class='ocrx_word' id='word_1_59' title='bbox 190 649 412 698; x_wconf 84' lang='lat' dir='ltr'>Longitudo</span> <span class='ocrx_word' id='word_1_60' title='bbox 458 649 679 704; x_wconf 74' lang='lat' dir='ltr'>spir-hamali</span> <span class='ocrx_word' id='word_1_61' title='bbox 729 647 957 703; x_wconf 86' lang='lat' dir='ltr'>plerumque</span> <span class='ocrx_word' id='word_1_62' title='bbox 999 651 1129 690; x_wconf 82' lang='lat' dir='ltr'>minor</span> <span class='ocrx_word' id='word_1_63' title='bbox 1167 651 1230 692; x_wconf 87' lang='lat' dir='ltr'>seu</span> <span class='ocrx_word' id='word_1_64' title='bbox 1261 666 1286 700; x_wconf 87' lang='grc'><strong>4</strong></span> <span class='ocrx_word' id='word_1_65' title='bbox 1324 652 1344 692; x_wconf 71' lang='grc' dir='ltr'>ὲ</span> <span class='ocrx_word' id='word_1_66' title='bbox 1379 666 1397 702; x_wconf 84' lang='grc'><em>5</em></span> <span class='ocrx_word' id='word_1_67' title='bbox 1438 654 1642 694; x_wconf 81' lang='lat' dir='ltr'>unciarum</span> 
     </span>
     <span class='ocr_line' id='line_1_11' title="bbox 239 713 452 756; baseline 0.014 -15"><span class='ocrx_word' id='word_1_68' title='bbox 239 713 452 756; x_wconf 84' lang='lat' dir='ltr'>utcunque.</span> 
     </span>
    </p>

    <p class='ocr_par' dir='ltr' id='par_1_7' title="bbox 121 758 1640 920">
     <span class='ocr_line' id='line_1_12' title="bbox 121 758 1640 810; baseline 0.005 -15"><span class='ocrx_word' id='word_1_69' title='bbox 121 766 159 804; x_wconf 83' lang='lat'>5.</span> <span class='ocrx_word' id='word_1_70' title='bbox 192 758 240 796; x_wconf 81' lang='lat' dir='ltr'>Os</span> <span class='ocrx_word' id='word_1_71' title='bbox 268 758 438 810; x_wconf 71' lang='lat' dir='ltr'>respec’tu</span> <span class='ocrx_word' id='word_1_72' title='bbox 479 773 737 810; x_wconf 81' lang='lat' dir='ltr'>congenerum</span> <span class='ocrx_word' id='word_1_73' title='bbox 764 761 960 799; x_wconf 85' lang='lat' dir='ltr'>mediocre</span> <span class='ocrx_word' id='word_1_74' title='bbox 990 761 1054 799; x_wconf 87' lang='lat' dir='ltr'>est.</span> <span class='ocrx_word' id='word_1_75' title='bbox 1113 761 1342 800; x_wconf 82' lang='lat' dir='ltr'>Mandibula</span> <span class='ocrx_word' id='word_1_76' title='bbox 1372 763 1540 802; x_wconf 85' lang='lat' dir='ltr'>inferior</span> <span class='ocrx_word' id='word_1_77' title='bbox 1572 777 1640 802; x_wconf 82' lang='lat' dir='ltr'>ore</span> 
     </span>
     <span class='ocr_line' id='line_1_13' title="bbox 232 814 1640 868; baseline 0.005 -19"><span class='ocrx_word' id='word_1_78' title='bbox 232 825 389 864; x_wconf 83' lang='lat' dir='ltr'>aperto,</span> <span class='ocrx_word' id='word_1_79' title='bbox 420 814 537 865; x_wconf 82' lang='lat' dir='ltr'>paulo</span> <span class='ocrx_word' id='word_1_80' title='bbox 567 815 725 864; x_wconf 85' lang='lat' dir='ltr'>longior</span> <span class='ocrx_word' id='word_1_81' title='bbox 754 817 805 854; x_wconf 88' lang='lat' dir='ltr'>est</span> <span class='ocrx_word' id='word_1_82' title='bbox 824 816 1036 868; x_wconf 79' lang='lat' dir='ltr'>superiori,</span> <span class='ocrx_word' id='word_1_83' title='bbox 1068 815 1131 853; x_wconf 85' lang='lat' dir='ltr'>sed</span> <span class='ocrx_word' id='word_1_84' title='bbox 1169 829 1238 855; x_wconf 86' lang='lat' dir='ltr'>ore</span> <span class='ocrx_word' id='word_1_85' title='bbox 1267 817 1391 856; x_wconf 83' lang='lat' dir='ltr'>clauso</span> <span class='ocrx_word' id='word_1_86' title='bbox 1421 819 1499 857; x_wconf 86' lang='lat' dir='ltr'>haee</span> <span class='ocrx_word' id='word_1_87' title='bbox 1530 817 1640 856; x_wconf 83' lang='lat' dir='ltr'>diffe-</span> 
     </span>
     <span class='ocr_line' id='line_1_14' title="bbox 231 870 650 920; baseline 0.007 -17"><span class='ocrx_word' id='word_1_88' title='bbox 231 870 355 904; x_wconf 86' lang='lat' dir='ltr'>rentia</span> <span class='ocrx_word' id='word_1_89' title='bbox 387 870 453 906; x_wconf 81' lang='lat' dir='ltr'>vix</span> <span class='ocrx_word' id='word_1_90' title='bbox 484 880 650 920; x_wconf 85' lang='lat' dir='ltr'>apparet,</span> 
     </span>
    </p>

    <p class='ocr_par' dir='ltr' id='par_1_8' title="bbox 121 921 1640 1069">
     <span class='ocr_line' id='line_1_15' title="bbox 121 921 1640 975; baseline 0.004 -16"><span class='ocrx_word' id='word_1_91' title='bbox 121 924 158 959; x_wconf 90' lang='lat'>6.</span> <span class='ocrx_word' id='word_1_92' title='bbox 188 921 315 968; x_wconf 75' lang='lat' dir='ltr'>Ocnfi,</span> <span class='ocrx_word' id='word_1_93' title='bbox 346 922 392 958; x_wconf 88' lang='lat' dir='ltr'>ad</span> <span class='ocrx_word' id='word_1_94' title='bbox 425 922 542 960; x_wconf 77' lang='lat' dir='ltr'>latera</span> <span class='ocrx_word' id='word_1_95' title='bbox 577 925 709 975; x_wconf 79' lang='lat' dir='ltr'>capitis</span> <span class='ocrx_word' id='word_1_96' title='bbox 730 952 741 969; x_wconf 90' lang='lat'>‚</span> <span class='ocrx_word' id='word_1_97' title='bbox 780 921 867 960; x_wconf 81' lang='lat' dir='ltr'>satis</span> <span class='ocrx_word' id='word_1_98' title='bbox 910 924 1053 972; x_wconf 82' lang='lat' dir='ltr'>magni.</span> <span class='ocrx_word' id='word_1_99' title='bbox 1113 924 1186 962; x_wconf 88' lang='lat' dir='ltr'>Iris</span> <span class='ocrx_word' id='word_1_100' title='bbox 1213 926 1384 975; x_wconf 81' lang='lat' dir='ltr'>argentei</span> <span class='ocrx_word' id='word_1_101' title='bbox 1420 925 1562 964; x_wconf 90' lang='lat' dir='ltr'>coloris</span> <span class='ocrx_word' id='word_1_102' title='bbox 1591 926 1640 965; x_wconf 83' lang='lat' dir='ltr'>ad</span> 
     </span>
     <span class='ocr_line' id='line_1_16' title="bbox 228 975 1639 1030; baseline 0.006 -18"><span class='ocrx_word' id='word_1_103' title='bbox 228 975 459 1014; x_wconf 82' lang='lat' dir='ltr'>inferiorem</span> <span class='ocrx_word' id='word_1_104' title='bbox 483 987 658 1030; x_wconf 86' lang='lat' dir='ltr'>partem,</span> <span class='ocrx_word' id='word_1_105' title='bbox 694 979 740 1017; x_wconf 80' lang='lat' dir='ltr'>ad</span> <span class='ocrx_word' id='word_1_106' title='bbox 760 976 998 1029; x_wconf 85' lang='lat' dir='ltr'>superiorem</span> <span class='ocrx_word' id='word_1_107' title='bbox 1016 991 1111 1017; x_wconf 87' lang='lat' dir='ltr'>vero</span> <span class='ocrx_word' id='word_1_108' title='bbox 1133 979 1244 1019; x_wconf 83' lang='lat' dir='ltr'>color</span> <span class='ocrx_word' id='word_1_109' title='bbox 1262 981 1382 1020; x_wconf 82' lang='lat' dir='ltr'>flavus</span> <span class='ocrx_word' id='word_1_110' title='bbox 1412 981 1476 1020; x_wconf 86' lang='lat' dir='ltr'>vel</span> <span class='ocrx_word' id='word_1_111' title='bbox 1501 994 1639 1021; x_wconf 86' lang='lat' dir='ltr'>aureus</span> 
     </span>
     <span class='ocr_line' id='line_1_17' title="bbox 231 1029 1190 1069; baseline 0.01 -2"><span class='ocrx_word' id='word_1_112' title='bbox 231 1029 477 1069; x_wconf 77' lang='lat' dir='ltr'>admiscetur.</span> <span class='ocrx_word' id='word_1_113' title='bbox 1188 1057 1190 1059; x_wconf 62' lang='grc'>’</span> 
     </span>
    </p>

    <p class='ocr_par' dir='ltr' id='par_1_9' title="bbox 149 1085 806 1137">
     <span class='ocr_line' id='line_1_18' title="bbox 149 1085 806 1137; baseline 0.003 -15"><span class='ocrx_word' id='word_1_114' title='bbox 149 1111 159 1122; x_wconf 88' lang='grc'><strong>.</strong></span> <span class='ocrx_word' id='word_1_115' title='bbox 190 1085 387 1123; x_wconf 76' lang='lat' dir='ltr'>Branchiae</span> <span class='ocrx_word' id='word_1_116' title='bbox 415 1087 595 1137; x_wconf 82' lang='lat' dir='ltr'>utrinque</span> <span class='ocrx_word' id='word_1_117' title='bbox 626 1095 806 1137; x_wconf 86' lang='lat' dir='ltr'>quatuor.</span> 
     </span>
    </p>

    <p class='ocr_par' dir='ltr' id='par_1_10' title="bbox 188 1139 1643 1286">
     <span class='ocr_line' id='line_1_19' title="bbox 188 1139 1640 1191; baseline 0.004 -13"><span class='ocrx_word' id='word_1_118' title='bbox 188 1141 336 1182; x_wconf 82' lang='lat' dir='ltr'>Nares3</span> <span class='ocrx_word' id='word_1_119' title='bbox 385 1140 576 1191; x_wconf 82' lang='lat' dir='ltr'>Opercula</span> <span class='ocrx_word' id='word_1_120' title='bbox 609 1142 909 1182; x_wconf 83' lang='lat' dir='ltr'>branchiarum3</span> <span class='ocrx_word' id='word_1_121' title='bbox 958 1143 1098 1179; x_wconf 84' lang='lat' dir='ltr'>Dentes</span> <span class='ocrx_word' id='word_1_122' title='bbox 1128 1139 1321 1189; x_wconf 84' lang='lat' dir='ltr'>faucium,</span> <span class='ocrx_word' id='word_1_123' title='bbox 1371 1146 1408 1182; x_wconf 66' lang='grc' dir='ltr'>ἃ</span> <span class='ocrx_word' id='word_1_124' title='bbox 1437 1145 1558 1184; x_wconf 83' lang='lat' dir='ltr'>Linea</span> <span class='ocrx_word' id='word_1_125' title='bbox 1587 1144 1640 1185; x_wconf 86' lang='lat' dir='ltr'>la-</span> 
     </span>
     <span class='ocr_line' id='line_1_20' title="bbox 229 1193 1643 1248; baseline 0.006 -17"><span class='ocrx_word' id='word_1_126' title='bbox 229 1194 357 1232; x_wconf 78' lang='lat' dir='ltr'>teralis</span> <span class='ocrx_word' id='word_1_127' title='bbox 388 1208 529 1241; x_wconf 88' lang='lat' dir='ltr'>curva,</span> <span class='ocrx_word' id='word_1_128' title='bbox 557 1196 765 1247; x_wconf 77' lang='lat' dir='ltr'>ventrique</span> <span class='ocrx_word' id='word_1_129' title='bbox 796 1193 1004 1247; x_wconf 80' lang='lat' dir='ltr'>parallela,</span> <span class='ocrx_word' id='word_1_130' title='bbox 1045 1204 1085 1233; x_wconf 89' lang='lat' dir='ltr'>ut</span> <span class='ocrx_word' id='word_1_131' title='bbox 1114 1197 1155 1234; x_wconf 92' lang='lat' dir='ltr'>in</span> <span class='ocrx_word' id='word_1_132' title='bbox 1189 1199 1483 1248; x_wconf 85' lang='lat' dir='ltr'>Congeneribus</span> <span class='ocrx_word' id='word_1_133' title='bbox 1515 1200 1550 1238; x_wconf 89' lang='lat' dir='ltr'>se</span> <span class='ocrx_word' id='word_1_134' title='bbox 1578 1202 1643 1240; x_wconf 83' lang='lat' dir='ltr'>ha-</span> 
     </span>
     <span class='ocr_line' id='line_1_21' title="bbox 226 1249 332 1286; baseline -0.009 0"><span class='ocrx_word' id='word_1_135' title='bbox 226 1249 332 1286; x_wconf 58' lang='lat' dir='ltr'>benn</span> 
     </span>
    </p>

    <p class='ocr_par' dir='ltr' id='par_1_11' title="bbox 118 1300 1682 1505">
     <span class='ocr_line' id='line_1_22' title="bbox 118 1300 1682 1355; baseline 0.004 -13"><span class='ocrx_word' id='word_1_136' title='bbox 118 1313 160 1355; x_wconf 84' lang='lat'>9.</span> <span class='ocrx_word' id='word_1_137' title='bbox 189 1305 360 1355; x_wconf 67' lang='lat' dir='ltr'>Squama-2</span> <span class='ocrx_word' id='word_1_138' title='bbox 386 1315 459 1355; x_wconf 83' lang='lat' dir='ltr'>pro</span> <span class='ocrx_word' id='word_1_139' title='bbox 491 1302 667 1354; x_wconf 86' lang='lat' dir='ltr'>corporis</span> <span class='ocrx_word' id='word_1_140' title='bbox 699 1300 822 1349; x_wconf 87' lang='lat' dir='ltr'>mole,</span> <span class='ocrx_word' id='word_1_141' title='bbox 869 1300 956 1340; x_wconf 87' lang='lat' dir='ltr'>satis</span> <span class='ocrx_word' id='word_1_142' title='bbox 993 1317 1161 1354; x_wconf 73' lang='lat' dir='ltr'>magnae,</span> <span class='ocrx_word' id='word_1_143' title='bbox 1207 1303 1321 1343; x_wconf 88' lang='lat' dir='ltr'>facile</span> <span class='ocrx_word' id='word_1_144' title='bbox 1351 1305 1540 1355; x_wconf 82' lang='lat' dir='ltr'>deciduae,</span> <span class='ocrx_word' id='word_1_145' title='bbox 1570 1311 1640 1348; x_wconf 88' lang='lat' dir='ltr'>im·</span> <span class='ocrx_word' id='word_1_146' title='bbox 1672 1321 1682 1330; x_wconf 68' lang='grc'><em>“</em></span> 
     </span>
     <span class='ocr_line' id='line_1_23' title="bbox 230 1355 1641 1406; baseline 0.003 -11"><span class='ocrx_word' id='word_1_147' title='bbox 230 1359 410 1396; x_wconf 81' lang='lat' dir='ltr'>bricatim</span> <span class='ocrx_word' id='word_1_148' title='bbox 441 1359 546 1400; x_wconf 79' lang='lat' dir='ltr'>sstae;</span> <span class='ocrx_word' id='word_1_149' title='bbox 594 1358 632 1394; x_wconf 89' lang='lat' dir='ltr'>in</span> <span class='ocrx_word' id='word_1_150' title='bbox 672 1355 786 1395; x_wconf 85' lang='lat' dir='ltr'>dorso</span> <span class='ocrx_word' id='word_1_151' title='bbox 832 1356 974 1395; x_wconf 84' lang='lat' dir='ltr'>coloris</span> <span class='ocrx_word' id='word_1_152' title='bbox 1014 1358 1466 1406; x_wconf 74' lang='lat' dir='ltr'>cano-caerulescentis3</span> <span class='ocrx_word' id='word_1_153' title='bbox 1509 1365 1549 1401; x_wconf 86' lang='lat' dir='ltr'>in</span> <span class='ocrx_word' id='word_1_154' title='bbox 1588 1364 1641 1402; x_wconf 83' lang='lat' dir='ltr'>la.</span> 
     </span>
     <span class='ocr_line' id='line_1_24' title="bbox 230 1409 1641 1470; baseline 0.006 -20"><span class='ocrx_word' id='word_1_155' title='bbox 230 1414 379 1450; x_wconf 85' lang='lat' dir='ltr'>teribus</span> <span class='ocrx_word' id='word_1_156' title='bbox 409 1425 504 1451; x_wconf 88' lang='lat' dir='ltr'>vero</span> <span class='ocrx_word' id='word_1_157' title='bbox 535 1415 572 1451; x_wconf 75' lang='grc' dir='ltr'>ἀ</span> <span class='ocrx_word' id='word_1_158' title='bbox 610 1421 744 1451; x_wconf 82' lang='lat' dir='ltr'>ventre</span> <span class='ocrx_word' id='word_1_159' title='bbox 784 1409 928 1463; x_wconf 77' lang='lat' dir='ltr'>coloris</span> <span class='ocrx_word' id='word_1_160' title='bbox 964 1411 1199 1466; x_wconf 84' lang='lat' dir='ltr'>splendentis</span> <span class='ocrx_word' id='word_1_161' title='bbox 1238 1418 1389 1464; x_wconf 82' lang='lat' dir='ltr'>argenti</span> <span class='ocrx_word' id='word_1_162' title='bbox 1425 1417 1641 1470; x_wconf 86' lang='lat' dir='ltr'>politissimi</span> 
     </span>
     <span class='ocr_line' id='line_1_25' title="bbox 228 1468 354 1505; baseline 0 -1"><span class='ocrx_word' id='word_1_163' title='bbox 228 1468 354 1505; x_wconf 85' lang='lat' dir='ltr'>instar.</span> 
     </span>
    </p>

    <p class='ocr_par' dir='ltr' id='par_1_12' title="bbox 123 1519 1641 1680">
     <span class='ocr_line' id='line_1_26' title="bbox 123 1519 1641 1572; baseline 0.004 -12"><span class='ocrx_word' id='word_1_164' title='bbox 123 1531 184 1564; x_wconf 74' lang='grc' dir='ltr'>ιε),</span> <span class='ocrx_word' id='word_1_165' title='bbox 221 1522 351 1561; x_wconf 82' lang='lat' dir='ltr'>Pinnae</span> <span class='ocrx_word' id='word_1_166' title='bbox 384 1534 517 1558; x_wconf 83' lang='lat' dir='ltr'>onmes</span> <span class='ocrx_word' id='word_1_167' title='bbox 567 1519 814 1560; x_wconf 77' lang='lat' dir='ltr'>albescentes,</span> <span class='ocrx_word' id='word_1_168' title='bbox 883 1521 1222 1562; x_wconf 13' lang='lat' dir='ltr'>Pffloralesrsatis</span> <span class='ocrx_word' id='word_1_169' title='bbox 1259 1523 1385 1572; x_wconf 83' lang='lat' dir='ltr'>albae,</span> <span class='ocrx_word' id='word_1_170' title='bbox 1439 1526 1641 1568; x_wconf 86' lang='lat' dir='ltr'>radiorum</span> 
     </span>
     <span class='ocr_line' id='line_1_27' title="bbox 230 1573 1640 1629; baseline 0.003 -17"><span class='ocrx_word' id='word_1_171' title='bbox 230 1575 522 1627; x_wconf 86' lang='lat' dir='ltr'>quatuordecim</span> <span class='ocrx_word' id='word_1_172' title='bbox 553 1573 616 1611; x_wconf 91' lang='lat' dir='ltr'>vel</span> <span class='ocrx_word' id='word_1_173' title='bbox 648 1574 871 1623; x_wconf 82' lang='lat' dir='ltr'>quindecim</span> <span class='ocrx_word' id='word_1_174' title='bbox 905 1586 1070 1624; x_wconf 85' lang='lat' dir='ltr'>quorum</span> <span class='ocrx_word' id='word_1_175' title='bbox 1099 1579 1246 1627; x_wconf 86' lang='lat' dir='ltr'>primus</span> <span class='ocrx_word' id='word_1_176' title='bbox 1274 1578 1429 1629; x_wconf 56' lang='lat' dir='ltr'>simplex</span> <span class='ocrx_word' id='word_1_177' title='bbox 1460 1582 1496 1617; x_wconf 73' lang='lat' dir='ltr'>de</span> <span class='ocrx_word' id='word_1_178' title='bbox 1523 1583 1640 1620; x_wconf 77' lang='lat' dir='ltr'>robu-</span> 
     </span>
     <span class='ocr_line' id='line_1_28' title="bbox 229 1626 1473 1680; baseline 0.002 -13"><span class='ocrx_word' id='word_1_179' title='bbox 229 1631 346 1678; x_wconf 86' lang='lat' dir='ltr'>stior,</span> <span class='ocrx_word' id='word_1_180' title='bbox 384 1630 502 1666; x_wconf 87' lang='lat' dir='ltr'>ceteri</span> <span class='ocrx_word' id='word_1_181' title='bbox 530 1629 570 1664; x_wconf 85' lang='lat' dir='ltr'>in</span> <span class='ocrx_word' id='word_1_182' title='bbox 602 1628 711 1678; x_wconf 89' lang='lat' dir='ltr'>apice</span> <span class='ocrx_word' id='word_1_183' title='bbox 738 1628 899 1673; x_wconf 83' lang='lat' dir='ltr'>ramofi‚·</span> <span class='ocrx_word' id='word_1_184' title='bbox 931 1626 1059 1665; x_wconf 90' lang='lat' dir='ltr'>ultimi</span> <span class='ocrx_word' id='word_1_185' title='bbox 1090 1629 1300 1669; x_wconf 83' lang='lat' dir='ltr'>admodum</span> <span class='ocrx_word' id='word_1_186' title='bbox 1329 1633 1473 1680; x_wconf 83' lang='lat' dir='ltr'>exigui.</span> 
     </span>
    </p>

    <p class='ocr_par' dir='ltr' id='par_1_13' title="bbox 122 1679 1639 1791">
     <span class='ocr_line' id='line_1_29' title="bbox 122 1679 1639 1744; baseline 0.005 -21"><span class='ocrx_word' id='word_1_187' title='bbox 122 1692 185 1723; x_wconf 85' lang='lat'>11.</span> <span class='ocrx_word' id='word_1_188' title='bbox 220 1685 348 1723; x_wconf 77' lang='lat' dir='ltr'>Pt&#39;nnae</span> <span class='ocrx_word' id='word_1_189' title='bbox 388 1681 580 1722; x_wconf 73' lang='lat' dir='ltr'>Ventrales</span> <span class='ocrx_word' id='word_1_190' title='bbox 609 1679 841 1719; x_wconf 80' lang='lat' dir='ltr'>albescentes</span> <span class='ocrx_word' id='word_1_191' title='bbox 862 1711 872 1726; x_wconf 91' lang='lat'><strong>‚</strong></span> <span class='ocrx_word' id='word_1_192' title='bbox 920 1682 1120 1721; x_wconf 82' lang='lat' dir='ltr'>radiorum</span> <span class='ocrx_word' id='word_1_193' title='bbox 1153 1698 1320 1734; x_wconf 83' lang='lat' dir='ltr'>novem,</span> <span class='ocrx_word' id='word_1_194' title='bbox 1368 1699 1535 1738; x_wconf 87' lang='lat' dir='ltr'>quorum</span> <span class='ocrx_word' id='word_1_195' title='bbox 1560 1691 1639 1744; x_wconf 91' lang='lat' dir='ltr'>pri-</span> 
     </span>
     <span class='ocr_line' id='line_1_30' title="bbox 229 1736 1205 1791; baseline 0.003 -16"><span class='ocrx_word' id='word_1_196' title='bbox 229 1752 312 1777; x_wconf 84' lang='lat' dir='ltr'>mus</span> <span class='ocrx_word' id='word_1_197' title='bbox 343 1738 523 1791; x_wconf 79' lang='lat' dir='ltr'>simplex,</span> <span class='ocrx_word' id='word_1_198' title='bbox 555 1736 698 1787; x_wconf 82' lang='lat' dir='ltr'>reliqui</span> <span class='ocrx_word' id='word_1_199' title='bbox 729 1748 823 1772; x_wconf 80' lang='lat' dir='ltr'>vero</span> <span class='ocrx_word' id='word_1_200' title='bbox 853 1737 893 1772; x_wconf 87' lang='lat' dir='ltr'>in</span> <span class='ocrx_word' id='word_1_201' title='bbox 924 1738 1031 1787; x_wconf 83' lang='lat' dir='ltr'>apice</span> <span class='ocrx_word' id='word_1_202' title='bbox 1059 1741 1205 1782; x_wconf 80' lang='lat' dir='ltr'>ramosi.</span> 
     </span>
    </p>

    <p class='ocr_par' dir='ltr' id='par_1_14' title="bbox 123 1790 1640 1954">
     <span class='ocr_line' id='line_1_31' title="bbox 123 1790 1638 1843; baseline 0.004 -11"><span class='ocrx_word' id='word_1_203' title='bbox 123 1805 185 1835; x_wconf 81' lang='lat'>12.</span> <span class='ocrx_word' id='word_1_204' title='bbox 218 1794 340 1834; x_wconf 77' lang='lat' dir='ltr'>Pinna</span> <span class='ocrx_word' id='word_1_205' title='bbox 371 1795 410 1832; x_wconf 86' lang='lat' dir='ltr'>in</span> <span class='ocrx_word' id='word_1_206' title='bbox 442 1791 552 1843; x_wconf 71' lang='lat' dir='ltr'>doz-so</span> <span class='ocrx_word' id='word_1_207' title='bbox 584 1791 720 1831; x_wconf 85' lang='lat' dir='ltr'>unica,</span> <span class='ocrx_word' id='word_1_208' title='bbox 761 1802 856 1826; x_wconf 89' lang='lat' dir='ltr'>cano</span> <span class='ocrx_word' id='word_1_209' title='bbox 879 1790 1126 1839; x_wconf 80' lang='lat' dir='ltr'>-albescens,</span> <span class='ocrx_word' id='word_1_210' title='bbox 1173 1794 1372 1832; x_wconf 87' lang='lat' dir='ltr'>radiorum</span> <span class='ocrx_word' id='word_1_211' title='bbox 1402 1809 1544 1835; x_wconf 88' lang='lat' dir='ltr'>novem</span> <span class='ocrx_word' id='word_1_212' title='bbox 1575 1800 1638 1839; x_wconf 87' lang='lat' dir='ltr'>vel</span> 
     </span>
     <span class='ocr_line' id='line_1_32' title="bbox 230 1844 1640 1902; baseline 0.004 -16"><span class='ocrx_word' id='word_1_213' title='bbox 230 1848 360 1886; x_wconf 85' lang='lat' dir='ltr'>decem</span> <span class='ocrx_word' id='word_1_214' title='bbox 381 1876 392 1892; x_wconf 92' lang='lat'>‚</span> <span class='ocrx_word' id='word_1_215' title='bbox 436 1859 602 1898; x_wconf 85' lang='lat' dir='ltr'>quorum</span> <span class='ocrx_word' id='word_1_216' title='bbox 645 1844 791 1897; x_wconf 86' lang='lat' dir='ltr'>primus</span> <span class='ocrx_word' id='word_1_217' title='bbox 819 1846 880 1882; x_wconf 84' lang='lat' dir='ltr'>vel</span> <span class='ocrx_word' id='word_1_218' title='bbox 911 1844 987 1883; x_wconf 89' lang='lat' dir='ltr'>duo</span> <span class='ocrx_word' id='word_1_219' title='bbox 1017 1848 1230 1887; x_wconf 85' lang='lat' dir='ltr'>anteriores</span> <span class='ocrx_word' id='word_1_220' title='bbox 1264 1848 1473 1902; x_wconf 84' lang='lat' dir='ltr'>fimplices,</span> <span class='ocrx_word' id='word_1_221' title='bbox 1520 1856 1640 1893; x_wconf 87' lang='lat' dir='ltr'>ceteri</span> 
     </span>
     <span class='ocr_line' id='line_1_33' title="bbox 230 1901 582 1954; baseline -0.009 -14"><span class='ocrx_word' id='word_1_222' title='bbox 230 1903 272 1940; x_wconf 82' lang='lat' dir='ltr'>in</span> <span class='ocrx_word' id='word_1_223' title='bbox 296 1904 404 1954; x_wconf 84' lang='lat' dir='ltr'>apice</span> <span class='ocrx_word' id='word_1_224' title='bbox 431 1901 582 1938; x_wconf 82' lang='lat' dir='ltr'>ramosi.</span> 
     </span>
    </p>

    <p class='ocr_par' dir='ltr' id='par_1_15' title="bbox 124 1951 1638 2104">
     <span class='ocr_line' id='line_1_34' title="bbox 124 1951 1638 2010; baseline 0.001 -16"><span class='ocrx_word' id='word_1_225' title='bbox 124 1968 185 2003; x_wconf 80' lang='lat'>13.</span> <span class='ocrx_word' id='word_1_226' title='bbox 213 1958 335 1997; x_wconf 78' lang='lat' dir='ltr'>Pinna</span> <span class='ocrx_word' id='word_1_227' title='bbox 362 1956 439 1994; x_wconf 82' lang='lat' dir='ltr'>Am·</span> <span class='ocrx_word' id='word_1_228' title='bbox 465 1954 675 1999; x_wconf 84' lang='lat' dir='ltr'>albescens,</span> <span class='ocrx_word' id='word_1_229' title='bbox 720 1951 918 1990; x_wconf 84' lang='lat' dir='ltr'>radiorum</span> <span class='ocrx_word' id='word_1_230' title='bbox 950 1953 1092 2001; x_wconf 84' lang='lat' dir='ltr'>viginti</span> <span class='ocrx_word' id='word_1_231' title='bbox 1119 1957 1156 1993; x_wconf 72' lang='lat' dir='ltr'>&lt;Sc</span> <span class='ocrx_word' id='word_1_232' title='bbox 1185 1955 1323 2003; x_wconf 85' lang='lat' dir='ltr'>unius,</span> <span class='ocrx_word' id='word_1_233' title='bbox 1361 1973 1528 2010; x_wconf 80' lang='lat' dir='ltr'>quorum</span> <span class='ocrx_word' id='word_1_234' title='bbox 1559 1963 1638 2002; x_wconf 73' lang='lat' dir='ltr'>duo</span> 
     </span>
     <span class='ocr_line' id='line_1_35' title="bbox 231 2008 1635 2064; baseline 0.006 -15"><span class='ocrx_word' id='word_1_235' title='bbox 231 2013 348 2064; x_wconf 81' lang='lat' dir='ltr'>primi</span> <span class='ocrx_word' id='word_1_236' title='bbox 377 2010 554 2056; x_wconf 79' lang='lat' dir='ltr'>indivisi,</span> <span class='ocrx_word' id='word_1_237' title='bbox 582 2008 700 2046; x_wconf 83' lang='lat' dir='ltr'>ceteri</span> <span class='ocrx_word' id='word_1_238' title='bbox 730 2008 770 2044; x_wconf 90' lang='lat' dir='ltr'>iu</span> <span class='ocrx_word' id='word_1_239' title='bbox 801 2008 909 2059; x_wconf 84' lang='lat' dir='ltr'>apice</span> <span class='ocrx_word' id='word_1_240' title='bbox 936 2009 1075 2046; x_wconf 84' lang='lat' dir='ltr'>ramosi</span> <span class='ocrx_word' id='word_1_241' title='bbox 1100 2023 1110 2051; x_wconf 92' lang='lat'>;</span> <span class='ocrx_word' id='word_1_242' title='bbox 1159 2010 1305 2048; x_wconf 86' lang='lat' dir='ltr'>Primus</span> <span class='ocrx_word' id='word_1_243' title='bbox 1335 2014 1371 2051; x_wconf 70' lang='grc' dir='ltr'>ἀ</span> <span class='ocrx_word' id='word_1_244' title='bbox 1399 2013 1528 2054; x_wconf 89' lang='lat' dir='ltr'>ultimi</span> <span class='ocrx_word' id='word_1_245' title='bbox 1558 2018 1635 2057; x_wconf 87' lang='lat' dir='ltr'>duo</span> 
     </span>
     <span class='ocr_line' id='line_1_36' title="bbox 231 2064 507 2104; baseline -0.007 -1"><span class='ocrx_word' id='word_1_246' title='bbox 231 2068 382 2104; x_wconf 85' lang='lat' dir='ltr'>minimi</span> <span class='ocrx_word' id='word_1_247' title='bbox 409 2064 507 2102; x_wconf 79' lang='lat' dir='ltr'>sunt.</span> 
     </span>
    </p>

    <p class='ocr_par' dir='ltr' id='par_1_16' title="bbox 125 2114 1636 2223">
     <span class='ocr_line' id='line_1_37' title="bbox 125 2114 1636 2177; baseline 0.001 -19"><span class='ocrx_word' id='word_1_248' title='bbox 125 2134 185 2172; x_wconf 83' lang='lat'>¹4·</span> <span class='ocrx_word' id='word_1_249' title='bbox 220 2120 347 2160; x_wconf 61' lang='lat' dir='ltr'>Caudex</span> <span class='ocrx_word' id='word_1_250' title='bbox 379 2119 551 2165; x_wconf 81' lang='lat' dir='ltr'>bifurca,</span> <span class='ocrx_word' id='word_1_251' title='bbox 581 2114 797 2161; x_wconf 74' lang='lat' dir='ltr'>albescens,</span> <span class='ocrx_word' id='word_1_252' title='bbox 831 2115 1031 2154; x_wconf 81' lang='lat' dir='ltr'>radiorum</span> <span class='ocrx_word' id='word_1_253' title='bbox 1060 2117 1303 2159; x_wconf 88' lang='lat' dir='ltr'>ramosorum</span> <span class='ocrx_word' id='word_1_254' title='bbox 1332 2122 1373 2159; x_wconf 90' lang='lat' dir='ltr'>in</span> <span class='ocrx_word' id='word_1_255' title='bbox 1402 2124 1531 2177; x_wconf 80' lang='lat' dir='ltr'>apice,</span> <span class='ocrx_word' id='word_1_256' title='bbox 1571 2139 1636 2166; x_wconf 74' lang='lat' dir='ltr'>ex.</span> 
     </span>
     <span class='ocr_line' id='line_1_38' title="bbox 233 2172 726 2223; baseline -0.004 -10"><span class='ocrx_word' id='word_1_257' title='bbox 233 2176 364 2214; x_wconf 87' lang='lat' dir='ltr'>tremis</span> <span class='ocrx_word' id='word_1_258' title='bbox 393 2184 518 2211; x_wconf 77' lang='lat' dir='ltr'>tamen</span> <span class='ocrx_word' id='word_1_259' title='bbox 549 2172 726 2223; x_wconf 56' lang='lat' dir='ltr'>excepti&amp;</span> 
     </span>
    </p>

    <p class='ocr_par' dir='ltr' id='par_1_17' title="bbox 230 2223 1634 2324">
     <span class='ocr_line' id='line_1_39' title="bbox 238 2223 1634 2274; baseline 0.004 -6"><span class='ocrx_word' id='word_1_260' title='bbox 238 2232 378 2272; x_wconf 80' lang='lat' dir='ltr'>Venter</span> <span class='ocrx_word' id='word_1_261' title='bbox 408 2230 507 2266; x_wconf 86' lang='lat' dir='ltr'>inter</span> <span class='ocrx_word' id='word_1_262' title='bbox 535 2228 671 2265; x_wconf 86' lang='lat' dir='ltr'>Pinnas</span> <span class='ocrx_word' id='word_1_263' title='bbox 704 2223 902 2263; x_wconf 78' lang='lat' dir='ltr'>Ventrales</span> <span class='ocrx_word' id='word_1_264' title='bbox 931 2227 968 2264; x_wconf 70' lang='lat' dir='ltr'>dc</span> <span class='ocrx_word' id='word_1_265' title='bbox 997 2227 1142 2274; x_wconf 86' lang='lat' dir='ltr'>Anum,</span> <span class='ocrx_word' id='word_1_266' title='bbox 1173 2228 1213 2265; x_wconf 89' lang='lat' dir='ltr'>in</span> <span class='ocrx_word' id='word_1_267' title='bbox 1237 2229 1408 2270; x_wconf 82' lang='lat' dir='ltr'>carinam</span> <span class='ocrx_word' id='word_1_268' title='bbox 1429 2230 1516 2273; x_wconf 82' lang='lat' dir='ltr'>satis</span> <span class='ocrx_word' id='word_1_269' title='bbox 1548 2248 1634 2274; x_wconf 86' lang='lat' dir='ltr'>acu·</span> 
     </span>
     <span class='ocr_line' id='line_1_40' title="bbox 230 2279 1226 2324; baseline -0.002 -1"><span class='ocrx_word' id='word_1_270' title='bbox 230 2294 308 2324; x_wconf 81' lang='lat' dir='ltr'>tam</span> <span class='ocrx_word' id='word_1_271' title='bbox 337 2284 587 2322; x_wconf 85' lang='lat' dir='ltr'>contrahitur.</span> <span class='ocrx_word' id='word_1_272' title='bbox 645 2279 808 2318; x_wconf 80' lang='lat' dir='ltr'>Dorsum</span> <span class='ocrx_word' id='word_1_273' title='bbox 838 2289 962 2317; x_wconf 86' lang='lat' dir='ltr'>totum</span> <span class='ocrx_word' id='word_1_274' title='bbox 995 2280 1226 2323; x_wconf 67' lang='lat' dir='ltr'>conveitum.</span> 
     </span>
    </p>

    <p class='ocr_par' dir='ltr' id='par_1_18' title="bbox 125 2335 1183 2390">
     <span class='ocr_line' id='line_1_41' title="bbox 125 2335 1183 2390; baseline -0.004 -11"><span class='ocrx_word' id='word_1_275' title='bbox 125 2352 188 2390; x_wconf 79' lang='grc' dir='ltr'>ις,</span> <span class='ocrx_word' id='word_1_276' title='bbox 219 2342 359 2380; x_wconf 78' lang='lat' dir='ltr'>Locus:</span> <span class='ocrx_word' id='word_1_277' title='bbox 390 2339 510 2377; x_wconf 82' lang='lat' dir='ltr'>Lacus</span> <span class='ocrx_word' id='word_1_278' title='bbox 541 2338 577 2375; x_wconf 71' lang='grc' dir='ltr'>ὅ(</span> <span class='ocrx_word' id='word_1_279' title='bbox 607 2335 717 2373; x_wconf 85' lang='lat' dir='ltr'>fluvii</span> <span class='ocrx_word' id='word_1_280' title='bbox 745 2347 814 2388; x_wconf 88' lang='lat' dir='ltr'>per</span> <span class='ocrx_word' id='word_1_281' title='bbox 845 2343 965 2373; x_wconf 85' lang='lat' dir='ltr'>totam</span> <span class='ocrx_word' id='word_1_282' title='bbox 996 2338 1183 2376; x_wconf 88' lang='lat' dir='ltr'>Sueciam.</span> 
     </span>
    </p>
   </div>
   <div class='ocr_carea' id='block_1_3' title="bbox 117 1094 159 1184">
    <p class='ocr_par' dir='ltr' id='par_1_19' title="bbox 117 1094 159 1184">
     <span class='ocr_line' id='line_1_42' title="bbox 117 1094 159 1184; textangle 90"><span class='ocrx_word' id='word_1_283' title='bbox 117 1094 159 1184; x_wconf 43' lang='lat'>‘0004</span> 
     </span>
    </p>
   </div>
   <div class='ocr_carea' id='block_1_4' title="bbox 420 2479 1330 2544">
    <p class='ocr_par' dir='ltr' id='par_1_20' title="bbox 420 2479 1330 2544">
     <span class='ocr_line' id='line_1_43' title="bbox 420 2479 1330 2544; baseline 0.001 -16"><span class='ocrx_word' id='word_1_284' title='bbox 420 2482 578 2528; x_wconf 75' lang='lat' dir='ltr'>Partes</span> <span class='ocrx_word' id='word_1_285' title='bbox 612 2479 809 2542; x_wconf 60' lang='lat' dir='ltr'>izztfstinoe</span> <span class='ocrx_word' id='word_1_286' title='bbox 841 2488 888 2526; x_wconf 77' lang='lat' dir='ltr'>ut</span> <span class='ocrx_word' id='word_1_287' title='bbox 924 2482 968 2526; x_wconf 74' lang='lat' dir='ltr'>in</span> <span class='ocrx_word' id='word_1_288' title='bbox 1006 2479 1330 2544; x_wconf 64' lang='lat' dir='ltr'>Congeazeribus.</span> 
     </span>
    </p>
   </div>
   <div class='ocr_carea' id='block_1_5' title="bbox 126 2589 1153 2646">
    <p class='ocr_par' dir='ltr' id='par_1_21' title="bbox 126 2589 1153 2646">
     <span class='ocr_line' id='line_1_44' title="bbox 126 2589 1153 2646; baseline -0.006 -8"><span class='ocrx_word' id='word_1_289' title='bbox 126 2603 186 2644; x_wconf 79' lang='lat'>16,</span> <span class='ocrx_word' id='word_1_290' title='bbox 217 2596 416 2639; x_wconf 80' lang='lat' dir='ltr'>Vertebrae</span> <span class='ocrx_word' id='word_1_291' title='bbox 443 2595 485 2633; x_wconf 88' lang='lat' dir='ltr'>in</span> <span class='ocrx_word' id='word_1_292' title='bbox 523 2589 746 2631; x_wconf 80' lang='lat' dir='ltr'>universum</span> <span class='ocrx_word' id='word_1_293' title='bbox 776 2591 1028 2646; x_wconf 80' lang='lat' dir='ltr'>quadraginta</span> <span class='ocrx_word' id='word_1_294' title='bbox 1056 2590 1153 2637; x_wconf 68' lang='lat' dir='ltr'>duae.</span> 
     </span>
    </p>
   </div>
   <div class='ocr_carea' id='block_1_6' title="bbox 222 2725 1635 2780">
    <p class='ocr_par' dir='ltr' id='par_1_22' title="bbox 222 2725 1635 2780">
     <span class='ocr_line' id='line_1_45' title="bbox 222 2725 1635 2780; baseline -0.001 -8"><span class='ocrx_word' id='word_1_295' title='bbox 222 2727 374 2772; x_wconf 72' lang='lat' dir='ltr'>Artedi</span> <span class='ocrx_word' id='word_1_296' title='bbox 406 2726 645 2780; x_wconf 70' lang='lat' dir='ltr'>Synonymim</span> <span class='ocrx_word' id='word_1_297' title='bbox 924 2725 957 2763; x_wconf 88' lang='lat' dir='ltr'>C</span> <span class='ocrx_word' id='word_1_298' title='bbox 1413 2730 1522 2770; x_wconf 83' lang='lat' dir='ltr'>vm.</span> <span class='ocrx_word' id='word_1_299' title='bbox 1558 2730 1635 2772; x_wconf 67' lang='lat' dir='ltr'>cr-</span> 
     </span>
    </p>
   </div>
  </div>
 </body>
</html>
